3186 5296
239 457 303 501 rrr.
317 459 348 501 u.
367 459 412 502 na
424 459 680 506 connumeramus
692 461 860 507 arrosrrrs
873 463 907 505 rx
920 461 1189 507 nasroxsurroxn
1202 461 1271 508 arc.
1321 449 1380 507 107

119 611 226 678 solum
249 611 364 682 valada
389 611 568 680 sedetiam
591 613 681 684 licite
706 615 949 682 matrimonium
978 617 1184 698 contrahere,
1213 623 1311 695 atque
1334 617 1381 680 ita

121 711 310 793 explicatur
338 716 492 794 quomodo
519 716 607 782 inter
629 717 860 784 Beatissimam
882 718 1066 801 Virginem,
1093 723 1127 783 et
1149 717 1180 784 S.
1204 717 1382 800 Josephum

120 812 237 878 extitit
263 831 379 880 vemm
401 821 435 880 et
459 816 585 882 licitum
609 817 852 884 matrimonium
874 837 939 884 non
968 821 1121 884 obstante
1148 823 1224 885 voto
1247 817 1382 901 virgini-

120 913 204 978 tatis
227 914 460 994 praeexistente
478 916 579 999 ipsius
599 917 819 984 Sanctissimae
842 917 988 1002 Virginis
1010 919 1133 984 Mariae.
1167 919 1222 984 Ita
1244 917 1275 984 S.
1298 917 1382 982 'Pho-

79 1105 83 1113 .
122 1033 193 1080 mas
224 1015 263 1083 in
290 1016 323 1083 4.
352 1013 443 1085 Soet.
472 1015 549 1087 dist.
576 1019 632 1087 30.
659 1023 773 1106 quad
803 1019 836 1090 2.
866 1023 931 1088 aad.
959 1021 987 1086 1.
1017 1023 1131 1106 quast.
1152 1019 1185 1088 2.
1214 1015 1261 1086 ad
1288 1018 1318 1086 2.
1351 1023 1382 1086 et

122 1111 255 1184 Benaci.
276 1112 381 1184 XIV.
403 1113 459 1184 De
482 1113 561 1204 Spa
584 1116 640 1187 lib.
657 1119 707 1188 13.
731 1140 756 1188 o.
771 1119 829 1188 22.
844 1120 1039 1208 praesertim
1061 1139 1151 1186 oum.
1171 1120 1200 1186 9.
1226 1123 1257 1186 el
1275 1136 1359 1204 seqq.

213 1221 264 1282 24.
299 1217 338 1282 In
367 1217 427 1282 hoc
460 1218 567 1300 capite
596 1224 647 1284 22.
675 1219 747 1284 fuse
780 1225 966 1302 pertractat
991 1219 1143 1286 Pontifex
1171 1219 1381 1300 questionem

120 1315 210 1381 circa
238 1317 383 1383 valorem
412 1315 610 1384 matrimonii
633 1319 887 1386 Calvinistarum
910 1341 983 1387 curn
1004 1321 1062 1386 illa
1085 1320 1280 1387 conditione:
1309 1319 1381 1384 ‘Ao-

121 1417 206 1500 cipio
230 1423 264 1482 to
287 1421 320 1484 et
338 1419 413 1502 juro
436 1419 519 1499 quod
541 1437 606 1486 non
621 1419 778 1504 deseram,
801 1421 902 1487 donec
917 1421 951 1486 in
967 1423 1138 1513 honestate
1153 1419 1380 1503 permanseris

120 1524 159 1584 et
188 1517 280 1584 docet
308 1519 550 1588 matrimonium
578 1522 689 1588 valere
710 1523 739 1588 si
762 1523 903 1588 mnditio
926 1524 994 1588 haec
1017 1540 1172 1604 expressa
1194 1539 1258 1587 non
1281 1519 1382 1587 luerit

89 1701 97 1720 ·
121 1620 159 1686 in
182 1623 362 1701 contractu,
383 1639 447 1687 non
470 1623 582 1694 valere
606 1627 724 1706 autern,
748 1623 776 1690 si
798 1623 898 1690 fuerit
921 1613 1084 1705 expressa.
1119 1621 1217 1688 Ratio
1233 1621 1380 1687 secundae

121 1719 229 1803 partis
256 1726 396 1802 apparat
417 1741 457 1786 ex
481 1723 623 1802 eoquod
647 1723 878 1790 dissolubilitas
900 1723 935 1788 in
958 1743 1036 1790 casu
1056 1723 1210 1790 adulterii
1234 1727 1285 1788 est
1307 1740 1379 1787 oon·

119 1820 229 1884 traria
250 1821 444 1886 substantia
463 1821 662 1888 matrimonii
685 1823 768 1902 quod
791 1829 842 1889 est
863 1829 1039 1907 perpetuus
1063 1826 1259 1890 contractus.
1296 1821 1381 1887 Hinc

119 1920 262 1986 deducta
284 1921 318 1986 in
336 1926 478 2004 pactum,
500 1922 743 1988 matrimonium
758 1924 879 1990 irritat
906 1925 1005 1991 Ratio
1021 1929 1131 1991 autem
1146 1924 1259 2006 primae
1275 1922 1380 2004 partis

117 2027 174 2086 est
199 2021 275 2102 quia
301 2021 503 2102 quicumque·
516 2027 719 2090 contractum
745 2027 832 2106 vult,
860 2031 894 2092 et
916 2025 1107 2107 simpliciter
1129 2023 1284 2106 exprimit
1306 2042 1380 2088 con-

119 2140 265 2203 sensum,
292 2121 364 2186 vult
390 2122 574 2188 necessario
596 2123 816 2190 substantiam
839 2132 1027 2192 contractus
1050 2126 1151 2208 ipsius
1175 2129 1209 2190 et
1231 2123 1379 2204 quamvis

115 2222 352 2288 contrahentes
372 2229 546 2288 versentur
568 2223 601 2289 iu
624 2242 735 2291 errore
759 2225 1019 2292 dissolubilitatis
1039 2245 1080 2292 ex
1096 2225 1203 2307 capite
1216 2225 1379 2306 adulterii,

117 2327 233 2388 tamen
253 2341 325 2389 oum
348 2322 521 2388 intendant
543 2325 737 2392 contrahere
755 2327 998 2392 matrimonium
1020 2325 1104 2406 quod
1120 2325 1269 2392 Christus
1287 2325 1379 2391 insti-

117 2424 194 2504 tuit,
216 2429 456 2506 praesumuntur
477 2424 634 2507 imphoite
657 2424 797 2490 voluisse
820 2427 1015 2508 completam
1036 2425 1290 2508 perpetuitatem
1305 2443 1378 2490 oon·

117 2529 257 2590 traotns

210 2625 456 2692 Animadvertit
479 2645 556 2692 vero
578 2623 731 2690 Pontifex
755 2625 789 2691 in
811 2625 998 2692 Ritualibus
1019 2623 1221 2692 Calvinianis
1242 2623 1291 2688 ita
1314 2622 1378 2688 for-

119 2745 210 2792 mam
232 2725 433 2791 matrimonii
449 2725 596 2807 exprimi,
619 2730 656 2790 ut
671 2720 902 2792 dissolubilitas
919 2745 959 2791 ex
975 2725 1083 2808 capite
1098 2723 1252 2791 adinterii
1267 2723 1378 2805 procul

116 2826 219 2892 dubio
242 2844 302 2891 eeu
324 2825 464 2892 conditio
486 2825 691 2910 ingrediatur
712 2827 818 2908 ipsam
842 2827 1092 2894 celebrationem
1111 2829 1306 2892 contractus.

210 2925 319 3008 Quare
334 2944 393 2992 ceu
405 2925 599 3008 principium
614 2927 718 2992 statui
730 2931 847 3008 potest,
863 2926 1077 2992 intentionem
1093 2925 1294 2992 contrariam
1306 2927 1379 2990 sub·

115 3027 256 3100 stantiae
278 3027 477 3094 matrimonii
498 3027 668 3093 deductam
690 3027 724 3092 in
747 3033 894 3110 pactum,
917 3027 1159 3093 matrimonium
1182 3026 1287 3108 ipsum
1309 3025 1380 3092 nul-

120 3131 195 3194 lum
215 3128 349 3194 reddere
372 3133 468 3209 prout
489 3128 589 3194 etiam
613 3127 829 3209 Congregatio
853 3127 883 3192 S.
907 3125 1023 3207 Officii,
1047 3127 1167 3208 pluries
1190 3125 1380 3206 declaravit,

119 3229 219 3312 cujus
239 3227 449 3294 resolutiones
471 3227 538 3310 legi
560 3231 696 3309 possunt
712 3245 811 3309 penes
831 3227 1028 3293 Benedictus
1046 3228 1135 3292 XIV.
1156 3227 1214 3292 loc.
1233 3226 1286 3292 cit.
1302 3245 1333 3292 n.
1351 3231 1380 3290 8.

213 3335 263 3394 25.
281 3329 353 3395 Non
368 3333 478 3394 autem
491 3327 672 3394 intentione
687 3327 753 3392 ista
768 3327 1011 3394 matrimonium
1030 3325 1207 3393 invalidari
1221 3326 1249 3392 si
1264 3327 1380 3392 solum-

120 3429 219 3496 modo
241 3429 276 3494 m
299 3435 408 3494 mente
431 3428 593 3512 extiterit,
622 3445 683 3494 nec
705 3429 841 3494 deducta
865 3429 1020 3495 fueritin
1043 3435 1174 3512 pactum
1199 3427 1381 3494 contractui

117 3531 297 3616 adjectum.

301 3686 357 3756 De
380 3683 657 3754 conditionibus
677 3682 864 3768 appositis
888 3682 927 3752 in
950 3682 1203 3770 sponsalibus.

213 3831 265 3892 26.
289 3823 474 3891 Communis
496 3821 661 3890 sententia
684 3827 743 3904 est,
767 3820 966 3888 conditiones
989 3821 1087 3905 adJiei
1109 3838 1203 3906 posse
1226 3818 1382 3900 sponsah-

119 3932 195 3996 bus
240 3925 364 3994 Nullibi
397 3924 483 3992 euim
514 3924 549 3989 in
579 3923 656 4007 jure
676 3922 884 3988 interdicitur
918 3923 1116 4006 spumabum
1143 3918 1385 3987 conditionatos

116 4032 324 4095 contractus
369 4025 455 4092 ilinc
485 4024 631 4092 invocari
657 4029 765 4107 potest
792 4023 946 4106 adagium
969 4024 1087 4106 glossa
1116 4021 1154 4090 iu
1176 4041 1248 4109 cap.
1271 4021 1302 4090 2.
1327 4017 1382 4088 De

120 4127 247 4200 transl.
276 4125 443 4213 Episcopi
464 4147 494 4194 o.
523 4122 615 4194 ‘Noa
636 4121 822 4193 iaaaaitur’
845 4125 1049 4192 ‘Concessum
1077 4121 1272 4204 intelhgitur
1300 4120 1383 4200 quod

117 4246 281 4312 expresse
303 4245 368 4292 non
391 4225 598 4308 prohibetur’.
635 4224 780 4290 Effectus
804 4224 996 4290 conditionis
1015 4225 1048 4290 in
1071 4222 1274 4307 sponsalibus
1297 4222 1385 4299 ide'm,

114 4331 199 4413 erit,
222 4349 263 4396 ac
285 4327 394 4394 estin
417 4326 490 4392 aliis
513 4324 745 4406 contractibus
768 4329 806 4391 ut
819 4324 944 4390 scilicet
959 4325 1116 4408 obligatio
1130 4344 1193 4392 non
1209 4327 1384 4390 enascatur

115 4436 204 4516 ante
225 4427 422 4510 completam
446 4425 669 4492 coemtionem.
