3186 5296
472 485 592 530 rnnrv.
614 485 791 532 nasoonsn
803 487 954 532 nnonon.
1301 475 1342 534 99

85 638 172 704 ‘locis
194 638 251 704 ubi
275 639 515 724 promulgatum
539 645 590 706 est
613 640 778 706 decretum
802 641 894 708 Conc.
918 641 1007 707 ‘lhid
1035 662 1112 712 sess.
1138 643 1196 712 24.
1218 663 1292 730 cop.
1315 646 1342 711 1.

85 736 150 806 ‘De
169 735 325 824 Reform.
347 740 494 808 motam.
517 742 586 808 sive
608 741 719 808 fideles
741 749 851 808 actum
864 743 969 826 ipsum
987 745 1155 826 explentes
1169 743 1344 810 intendant

85 841 143 904 ‘uti
165 861 227 922 par
251 847 311 922 est,
334 839 555 925 (matrimonio
578 843 799 909 ecclesiastico
819 845 890 928 jam
913 843 976 910 rite
1001 846 1175 927 celebrato,
1198 845 1253 912 vel
1269 863 1342 910 cum

84 941 202 1006 ‘animo
232 941 317 1007 illud
346 941 534 1022 quantotius
563 943 763 1028 celebrandi)
791 963 917 1010 meram
951 947 1177 1012 caeremoniam
1213 943 1341 1012 civilem

84 1047 268 1125 peragere,
296 1040 365 1108 sive
393 1041 567 1106 intendant
594 1042 759 1124 sponsalia
789 1043 828 1108 dc
855 1043 965 1110 futuro
988 1045 1086 1128 inire,
1115 1047 1185 1114 sive
1207 1044 1342 1110 tandem

84 1145 136 1206 ‘ex
157 1141 362 1224 ignorantia,
394 1147 453 1206 ant
479 1142 513 1206 in
537 1147 684 1224 spretum
707 1143 1002 1210 ecclesiasticarum
1025 1147 1149 1228 legum,
1168 1143 1343 1211 intendant

84 1241 337 1307 ‘matrimonium
361 1241 400 1307 de
421 1243 577 1324 praesenti
600 1245 808 1326 contrahere,
838 1243 1104 1326 impedimentum
1123 1247 1262 1332 justitia
1284 1265 1342 1330 pu-

83 1343 186 1408 ‘blica
209 1344 390 1408 honestatis
413 1362 478 1408 non
503 1345 686 1426 producere.

177 1446 295 1524 ‘Atque
318 1445 367 1510 ita
388 1445 458 1510 etc'

173 1549 225 1609 42.
247 1545 546 1611 Animadvertimus
569 1564 662 1628 vero,
690 1546 819 1630 praefati
849 1546 972 1612 decreti
999 1535 1343 1612 virtutem'coarctari

81 1645 128 1709 ad
153 1645 253 1710 solum
282 1644 431 1711 effectum
464 1647 601 1728 publicae
635 1647 816 1717 honestatis
850 1645 1081 1729 impedimenti
1125 1646 1211 1712 Hinc
1234 1647 1341 1726 quoad

80 1745 211 1824 reliqua
246 1745 326 1810 nihil
360 1751 411 1810 est
443 1746 641 1814 innovatum.
686 1747 780 1814 Unde
803 1767 851 1814 ex.
874 1767 922 1831 gr.
941 1748 972 1815 S.
995 1747 1095 1814 Sedes
1125 1747 1225 1813 etiam
1247 1747 1342 1812 hodic

80 1845 260 1910 concedere
285 1847 368 1912 solet
396 1837 598 1913 sanationem
619 1846 657 1915 io
678 1846 798 1916 radice
820 1847 1020 1914 matrimonii
1043 1848 1164 1930 civilis,
1189 1847 1342 1928 quemad-

81 1945 212 2010 modum
235 1953 451 2012 consueverat
473 1955 551 2014 ante
574 1948 750 2016 decretum.

172 2051 223 2110 43.
245 2047 423 2130 Quantum
446 2049 530 2132 Quid
553 2049 581 2114 si
603 2049 674 2129 quis
696 2055 769 2131 post
780 2053 951 2115 contracta
962 2049 1127 2132 sponsalia
1139 2068 1213 2114 cum
1224 2049 1342 2131 puella,

77 2147 327 2213 matrimonium
350 2149 389 2214 de
411 2150 566 2232 prasenti
587 2151 763 2216 contrahat
786 2169 858 2215 cum
881 2167 991 2214 sorore
1014 2145 1179 2232 ejusdem?

171 2249 417 2314 Matrimonium
439 2249 621 2334 hujusmodi
649 2257 700 2316 cst
728 2251 908 2318 invalidum
930 2253 970 2316 ob
996 2250 1262 2332 impedimentum
1284 2268 1342 2332 pu-

77 2349 176 2414 blicae
204 2349 394 2416 honestatis.
433 2353 479 2416 At
507 2370 547 2417 ex
570 2353 630 2417 hoc
652 2351 858 2417 matrimonio
881 2352 969 2417 nullo
992 2370 1057 2417 non
1080 2352 1186 2418 oritur
1207 2349 1342 2432 impedi-

77 2455 229 2516 mentum
263 2451 297 2515 iu
337 2451 557 2536 praejudicium
595 2451 845 2534 praecedentium
881 2451 1095 2534 sponsalium,
1130 2471 1201 2532 quae
1235 2451 1341 2516 adhuc

79 2549 197 2616 valida
218 2555 399 2634 remanent,
421 2552 498 2632 quia
520 2551 785 2635 impedimentum
799 2553 937 2634 puhlicae
952 2551 1133 2618 honestatis
1148 2569 1213 2616 non
1229 2569 1342 2634 opera·

77 2657 139 2716 tur
162 2655 353 2717 retrorsum.
380 2651 435 2717 Ita
457 2651 492 2717 iu
514 2673 586 2740 cop.
605 2673 661 2720 on.
681 2649 737 2720 Do
756 2672 867 2740 sporus.
887 2655 918 2721 et
936 2651 1082 2720 matrim.
1100 2653 1139 2721 in
1161 2647 1220 2720 VI.
1255 2651 1343 2718 Hinc

76 2771 162 2834 pars
185 2771 257 2832 quae
286 2752 527 2820 matrimonium
556 2754 721 2819 celebrare
746 2772 827 2818 ausa
856 2759 923 2835 est,
948 2753 1070 2834 poterit
1097 2753 1341 2819 matrimonium

77 2855 278 2918 contrahere
298 2871 370 2918 cum
389 2853 497 2918 altera
518 2857 622 2936 parte,
645 2872 719 2919 cum
741 2873 806 2934 qua
826 2852 992 2936 sponsalia
1015 2857 1236 2918 contraxerat.

172 2958 225 3019 44.
248 2953 379 3020 Tertius
404 2973 499 3020 casus
528 2953 780 3019 considerandus
807 2953 842 3019 in
865 2953 977 3036 titulo,
1003 2955 1102 3039 juxto.
1134 2971 1190 3037 ea,
1213 2971 1284 3034 quae
1306 2953 1342 3018 in

75 3054 242 3136 principio
261 3053 350 3120 tituli
365 3054 537 3137 innuimus,
558 3053 692 3137 respicit
707 3073 897 3121 concursum
912 3055 1110 3138 sponsalium
1125 3055 1342 3138 posteriorum

76 3173 161 3219 cum
184 3154 342 3234 prioribus
365 3155 580 3237 sponsalibus.
1334 3189 1336 3194 ·

176 3259 228 3319 45.
248 3255 402 3321 Breviter
416 3254 455 3319 de
475 3255 537 3319 hac
551 3273 588 3319 rc
608 3254 752 3336 dicimus,
776 3254 887 3336 priora
902 3255 1067 3337 sponsalia
1082 3255 1247 3323 servanda
1261 3273 1343 3338 esse,

74 3365 115 3422 et
146 3356 330 3438 posteriora
362 3373 427 3422 non
461 3355 573 3422 valere
599 3375 671 3444 cop.
694 3356 751 3425 22.
778 3351 834 3424 Do
862 3375 971 3443 spons.
1000 3359 1032 3425 et
1061 3355 1209 3425 matrim.
1254 3357 1339 3422 Nam

74 3461 278 3540 argumento
306 3471 373 3539 cap.
398 3461 449 3522 31.
472 3455 539 3522 eod.
570 3455 621 3521 tit.
648 3455 803 3538 obligatio
831 3456 993 3538 posterior
1017 3456 1052 3522 in
1081 3455 1192 3521 eodem
1217 3457 1339 3540 ordine,

74 3560 122 3624 ab
147 3555 216 3623 alia
238 3557 403 3623 contraria
429 3561 463 3622 et
486 3556 695 3638 aequivalenti
720 3557 917 3639 obligatione
945 3556 1045 3639 priori
1073 3575 1206 3640 prorsus
1233 3558 1339 3622 exclu-

73 3659 182 3741 ditur,
204 3664 238 3724 et
260 3658 396 3741 proinde
418 3658 452 3724 id
474 3657 558 3739 quod
580 3658 637 3724 uui
652 3657 846 3740 promissum
863 3663 922 3740 est,
945 3658 1041 3723 alteri
1056 3657 1204 3740 promitti
1218 3657 1341 3738 nequit.

171 3763 221 3825 46.
244 3759 313 3824 Nec
340 3752 461 3840 aliquid
489 3757 572 3824 facit
597 3758 626 3824 si
654 3758 803 3825 secundis
830 3757 1032 3841 sponsalibus
1056 3758 1218 3842 adjectum
1239 3757 1340 3825 hinnit

66 3863 316 3945 jurameutum,
343 3876 420 3924 nam
443 3860 667 3942 juramentum
699 3859 932 3942 obligationem
963 3877 1027 3926 uon
1053 3858 1177 3926 inducit
1198 3861 1233 3925 in
1257 3878 1340 3942 prae·

66 3961 235 4047 jndicium
257 3959 358 4025 tertii.

167 4065 221 4127 47.
244 4061 378 4127 Pariter
410 4059 496 4126 idem
529 4059 698 4126 dicendum
725 4059 760 4125 in
790 4061 881 4142 casn',
915 4077 977 4140 quo
1012 4059 1106 4126 novis
1135 4058 1340 4142 sponsalibus

70 4161 258 4230 abcesserit
285 4160 428 4227 carnalis
456 4161 583 4243 copula;
611 4158 736 4225 scilicet
759 4158 871 4242 priora
894 4157 999 4225 adhuc
1024 4159 1139 4226 valent
1165 4159 1338 4242 sponsalia.

69 4265 163 4332 Nam
185 4261 308 4347 injuria.
330 4280 403 4343 quae
425 4260 510 4328 forte
531 4262 627 4328 illata
650 4265 700 4326 est
721 4281 781 4344 per
803 4259 960 4344 copulam,
980 4279 1044 4328 non
1063 4264 1171 4326 mutat
1185 4263 1340 4327 naturam

70 4361 290 4446 obligationis
319 4359 533 4444 sponsalium,
561 4365 596 4427 et
623 4377 682 4443 per
704 4377 903 4443 consequens
929 4361 1034 4428 adhuc
1055 4361 1245 4430 verificatur
1266 4379 1340 4427 con-

70 4463 185 4529 flictus
207 4463 298 4528 inter
319 4461 414 4526 binas
437 4461 651 4544 obligationes
675 4462 867 4544 contrarias,
890 4465 925 4527 et
944 4461 1197 4545 aequipollentes,
1219 4462 1254 4528 in
1277 4480 1339 4543 quo

1090 4585 1127 4638 ’τί
