3186 5296
514 447 635 494 11113.
658 448 703 493 11
715 449 836 496 srorsn
847 450 997 497 1131111.
1341 439 1381 497 93

216 602 302 687 Quid
327 608 378 668 est
400 601 663 684 impedimentum
684 604 821 685 publicae
850 603 1052 670 honestatis?
1087 605 1242 689 Quamvis
1264 607 1382 702 solum-

127 703 220 768 modo
251 722 311 786 per
337 701 579 768 matrimonium
606 709 864 770 consummatum
892 701 952 770 fiat
979 723 1044 770 una
1067 725 1143 772 caro
1166 707 1254 772 inter
1276 707 1381 774 virum

126 811 160 869 et
182 803 353 870 mulierem
376 807 411 869 et
431 822 490 885 per
504 821 700 884 consequens
716 803 873 887 gignatur
888 793 1081 886 proximitas
1097 807 1274 892 sanguinis,
1296 807 1383 874 inter

125 923 227 971 unum
250 905 419 988 conjugem
442 911 476 969 31
498 905 752 988 consanguineos
776 905 926 987 alterius,
948 911 1061 972 tamen
1083 907 1231 988 quaedam
1252 909 1382 992 propin-

127 1007 236 1086 quitas
263 1005 351 1070 inter
379 1004 508 1070 easdem
536 1020 691 1086 personas
719 1005 825 1072 oritur
853 1006 968 1089 etiam,
996 1007 1124 1087 quando
1152 1014 1316 1076 tractatus
1344 1009 1383 1076 fit

127 1105 344 1187 matrimonii,
372 1106 424 1172 vel
446 1124 505 1188 per
533 1109 737 1172 contractum
760 1105 958 1172 matrimonii
985 1107 1026 1174 de
1053 1110 1224 1192 praesenti,
1246 1111 1301 1178 331
1323 1129 1383 1194 per

124 1203 374 1288 promissionem
398 1203 583 1271 defuturo:
610 1204 697 1270 Hinc
719 1223 759 1270 31
781 1205 911 1288 publica
933 1226 1058 1274 morum
1081 1209 1253 1275 honestate
1276 1211 1382 1278 visum

126 1313 178 1370 ast
211 1305 363 1372 indecens
396 1325 468 1372 esse
499 1305 754 1390 matrimonium,
788 1307 872 1388 quod
900 1310 1150 1375 contraheretur
1177 1312 1220 1377 ab
1246 1329 1312 1377 una
1342 1330 1382 1378 ex

124 1406 292 1488 partibus,
314 1425 386 1488 quae
407 1411 588 1472 tractatum
608 1405 807 1472 matrimonii
828 1408 917 1473 inter
938 1427 974 1474 se
996 1409 1191 1493 habuerunt,
1215 1430 1288 1477 cunr
1308 1430 1381 1478 con·

126 1505 315 1589 sanguineis
337 1506 474 1572 alterius
496 1507 608 1589 partis.
645 1507 730 1590 Quia
752 1507 829 1574 licat
843 1514 909 1574 noh
924 1527 1006 1576 rara
1021 1509 1163 1576 affinitas
1178 1529 1218 1576 ax
1233 1515 1381 1578 tractatu

128 1607 325 1673 matrimonii
348 1607 488 1690 oriatur,
517 1613 628 1673 13131
651 1608 761 1689 aliqua
784 1609 966 1676 animorum
989 1611 1188 1695 conjunctio,
1216 1617 1251 1678 et
1272 1613 1380 1694 proxi-

124 1707 226 1773 mitas
247 1726 459 1790 personarum
482 1707 654 1774 inducitur.

214 1813 266 1874 23.
295 1809 405 1893 Quare
431 1829 452 1876 a
478 1809 561 1875 Jure
594 1809 683 1876 civili
713 1809 933 1876 Romanorum
962 1809 1044 1898 lepp.
1074 1813 1106 1880 6.
1136 1815 1167 1879 et
1198 1813 1232 1879 8.
1258 1809 1298 1898 ἐξ
1325 1809 1381 1880 De

119 1907 258 1997 prodit.
282 1914 313 1979 ct
335 1907 471 1996 officit,
493 1913 524 1978 ct
546 1909 604 1995 lep.
628 1911 660 1978 8.
678 1908 748 1980 cod.
769 1907 826 1979 De
847 1909 960 1978 iaceat.
979 1909 1110 1997 nuptiis
1131 1909 1299 1976 inductum
1322 1918 1381 1994 est,

125 2016 163 2076 et
194 2031 214 2076 a
244 2009 450 2093 legislatione
483 2009 715 2075 Ecclesiastica
747 2011 963 2095 recognitum,
997 2010 1263 2093 impedimentum
1289 2013 1381 2093 quod

124 2115 277 2177 vocaturn
301 2117 352 2177 est
368 2108 520 2198 ‘potitore
542 2108 738 2178 ltoaestutc's'
758 2111 851 2192 quasi
869 2129 985 2192 nempe
1001 2111 1203 2194 requisitum,
1226 2115 1268 2179 ab
1284 2113 1380 2178 hone-

123 2210 189 2276 stis
214 2210 323 2292 populi
345 2210 522 2278 Christiani
550 2210 701 2276 moribus.
725 2211 839 2276 -De
867 2212 927 2278 hoo
952 2211 1180 2294 impedimento
1204 2214 1316 2297 agitur
1343 2214 1380 2284 ior

124 2332 224 2382 3133.
250 2315 301 2380 11.
328 2313 383 2380 14.
409 2331 499 2381 cous.
526 2313 581 2382 27.
609 2333 638 2398 q.
660 2313 693 2380 2.
718 2309 756 2378 io
778 2309 913 2381 Decret.
960 2308 1006 2379 In
1036 2331 1132 2400 capp.
1155 2312 1188 2380 4.
1211 2318 1242 2382 et
1268 2316 1302 2383 8.
1325 2311 1380 2382 Dc

120 2431 235 2500 spons.
259 2411 476 2497 3113311113,
500 2411 538 2480 13
561 2431 633 2498 cop.
654 2431 710 2478 33.
734 2405 1070 2496 33113311111371,
1094 2431 1224 2480 3331133
1246 2410 1284 2480 io
1307 2432 1380 2500 cop.

123 2513 157 2582 3.
181 2532 258 2581 sess.
276 2514 335 2583 24.
348 2511 408 2582 ¹De
429 2509 581 2598 Reform.
600 2509 748 2580 matrim.
774 2508 924 2579 ibidem.

215 2613 285 2680 Hoc
303 2613 568 2697 impedimentum
590 2613 624 2678 in
647 2631 684 2678 eo
708 2611 866 2692 consistit
888 2615 926 2677 ut
947 2611 1061 2694 positis
1081 2613 1170 2678 inter
1186 2613 1265 2680 duos
1287 2633 1381 2696 spon-

123 2713 264 2796 salibus,
292 2715 346 2781 331
368 2713 573 2779 matrimonio
602 2711 794 2795 simpliciter
821 2717 909 2794 rato,
937 2711 990 2778 vir
1018 2714 1212 2779 contrahere
1239 2721 1381 2795 nequeat

123 2814 370 2881 matrimonium
395 2834 467 2880 curn
491 2813 738 2896 consanguineis
760 2811 921 2894 11113113,
950 2813 1066 2878 mulier
1089 2820 1232 2894 nequeat
1253 2821 1380 2881 contra-

122 2916 206 2982 here
227 2913 470 2981 matrimonium
492 2933 564 2980 cum
587 2912 835 2996 consanguineis
858 2913 931 2980 viri.

217 3020 266 3081 11
288 3013 560 3096 Impedimentum
586 3012 767 3096 hujusmodi
797 3017 848 3078 est
875 3012 1044 3097 dirimens,
1077 3019 1112 3079 et
1144 3014 1272 3095 quidem
1304 3015 1380 3098 jure

127 3115 263 3195 antiquo
288 3114 531 3181 matrimonium
560 3113 734 3179 dirimebat
761 3131 863 3193 usque
887 3113 930 3178 ad
953 3121 1107 3196 quartum
1129 3115 1283 3197 gradum,
1310 3114 1380 3180 sive

125 3225 237 3282 ortum
257 3217 424 3284 habuisset
439 3235 480 3283 ex
497 3214 712 3298 sponsalibus,
734 3213 805 3279 sive
825 3231 868 3278 ex
887 3215 1093 3281 matrimonio
1108 3220 1192 3298 rato,
1213 3215 1380 3282 oriebatur

122 3317 230 3383 etiam
251 3316 516 3400 impedimentum
537 3334 577 3380 311
599 3312 804 3396 sponsalibus
827 3318 862 3379 at
883 3315 1089 3382 matrimonio
1104 3315 1268 3398 invalidis,
1291 3315 1380 3382 dnm-

119 3416 221 3483 modo
243 3416 391 3482 inralida
412 3435 478 3486 non
499 3414 638 3482 inissent
660 3433 701 3479 311
723 3412 852 3480 deiectu
875 3433 1058 3498 comenses,
1081 3415 1158 3496 quia
1179 3417 1284 3498 posito
1307 3434 1380 3484 con·

119 3535 224 3583 sensu
245 3517 351 3584 locum
373 3518 535 3588 habuerat
558 3512 741 3597 conjunctio
769 3513 966 3597 animorum,
994 3520 1028 3581 et
1055 3515 1248 3598 proximitas
1271 3534 1380 3598 perso-

121 3637 253 3700 narum,
276 3637 317 3682 ex
338 3637 402 3699 qua
423 3615 568 3699 procedit
589 3613 674 3680 ratio
696 3613 927 3696 impedimenti.

212 3724 264 3784 25.
294 3717 342 3783 Et
376 3716 526 3798 quoniam
559 3715 593 3780 11
627 3713 850 3780 constituendo
881 3716 941 3780 hoc
974 3714 1202 3798 impedimento
1229 3715 1380 3781 Ecclesia

120 3820 271 3903 respexit
298 3819 340 3884 ad
367 3817 645 3901 propinquitatem
673 3833 885 3898 personarum
914 3813 1080 3882 inductam
1110 3822 1257 3898 tempore
1282 3815 1380 3898 positi

120 3924 290 3987 trastatus
305 3917 565 3999 matrimonialis,
587 3917 851 4000 impedimentum
868 3915 1051 4000 hujusniodi
1066 3917 1216 3998 persistit
1230 3921 1263 3982 et
1279 3916 1379 4000 riget,

120 4021 274 4104 quamvis
313 4023 425 4085 tractu
461 4017 631 4100 temporiS,
670 4015 835 4100 sponsabo
871 4017 1164 4098 quomodocumque
1199 4017 1380 4100 solvantur,

121 4143 166 4191 ex
183 4142 232 4206 gr.
254 4139 313 4204 per
334 4124 481 4202 mortem,
504 4137 564 4202 per
579 4117 835 4198 fornicationem,
858 4121 892 4182 et
912 4119 1012 4184 etiam
1031 4118 1060 4186 31
1080 4119 1253 4186 solvantur
1267 4123 1378 4186 mutuo

118 4241 289 4291 consensu
334 4221 468 4288 Scilicet
494 4221 623 4304 publica
648 4221 801 4284 honestas
829 4220 999 4286 constituit
1020 4219 1286 4303 impedimentum
1306 4239 1378 4303 per-

116 4329 265 4408 petuum.
309 4321 364 4388 Ita
392 4321 539 4388 innuitur
566 4321 601 4386 11
629 4325 795 4385 311111.
825 4324 934 4386 3114.
962 4319 1073 4386 citatis
1095 4339 1219 4386 necnon
1248 4323 1378 4410 1338.

118 4423 178 4496 De
193 4429 349 4512 sponset
368 4422 515 4493 matrim.
537 4421 592 4488 ubi
616 4419 735 4486 dicitur
757 4421 905 4487 absolute
928 4422 1087 4504 ‘sponsam
1110 4422 1247 4488 alterius
1269 4422 1380 4488 nullus
