<?xml version="1.0" encoding="UTF-8"?>
<!DOCTYPE html PUBLIC "-//W3C//DTD XHTML 1.0 Transitional//EN"
    "http://www.w3.org/TR/xhtml1/DTD/xhtml1-transitional.dtd">
<html xmlns="http://www.w3.org/1999/xhtml" xml:lang="en" lang="en">
 <head>
  <title>
</title>
<meta http-equiv="Content-Type" content="text/html;charset=utf-8" />
  <meta name='ocr-system' content='tesseract 3.04.00' />
  <meta name='ocr-capabilities' content='ocr_page ocr_carea ocr_par ocr_line ocrx_word'/>
</head>
<body>
  <div class='ocr_page' id='page_1' title='image "./praelectionesju00santgoog_0158.png"; bbox 0 0 3186 5296; ppageno 0'>
   <div class='ocr_carea' id='block_1_1' title="bbox 306 393 1298 452">
    <p class='ocr_par' dir='ltr' id='par_1_1' title="bbox 306 393 1298 452">
     <span class='ocr_line' id='line_1_1' title="bbox 306 393 1298 452; baseline 0 -2"><span class='ocrx_word' id='word_1_1' title='bbox 306 407 369 450; x_wconf 85' lang='lat' dir='ltr'>mr.</span> <span class='ocrx_word' id='word_1_2' title='bbox 382 407 437 450; x_wconf 84' lang='lat' dir='ltr'>xv.</span> <span class='ocrx_word' id='word_1_3' title='bbox 455 405 500 450; x_wconf 83' lang='lat' dir='ltr'>nn</span> <span class='ocrx_word' id='word_1_4' title='bbox 513 406 659 452; x_wconf 79' lang='lat' dir='ltr'>rnrornrs</span> <span class='ocrx_word' id='word_1_5' title='bbox 671 407 714 450; x_wconf 84' lang='lat' dir='ltr'>nr</span> <span class='ocrx_word' id='word_1_6' title='bbox 726 405 963 452; x_wconf 51' lang='lat' dir='ltr'>narunrromuns</span> <span class='ocrx_word' id='word_1_7' title='bbox 975 406 1044 450; x_wconf 83' lang='lat' dir='ltr'>arc.</span> <span class='ocrx_word' id='word_1_8' title='bbox 1240 393 1298 451; x_wconf 85' lang='lat'>151</span> 
     </span>
    </p>
   </div>
   <div class='ocr_carea' id='block_1_2' title="bbox 75 559 1302 843">
    <p class='ocr_par' dir='ltr' id='par_1_2' title="bbox 75 559 1302 843">
     <span class='ocr_line' id='line_1_2' title="bbox 149 559 1302 642; baseline 0 -18"><span class='ocrx_word' id='word_1_9' title='bbox 149 567 192 624; x_wconf 80' lang='lat'>18.</span> <span class='ocrx_word' id='word_1_10' title='bbox 236 560 357 642; x_wconf 73' lang='lat' dir='ltr'>l&#39;onjnx</span> <span class='ocrx_word' id='word_1_11' title='bbox 384 564 493 624; x_wconf 78' lang='lat' dir='ltr'>etitem</span> <span class='ocrx_word' id='word_1_12' title='bbox 528 560 687 641; x_wconf 80' lang='lat' dir='ltr'><strong>impotens</strong></span> <span class='ocrx_word' id='word_1_13' title='bbox 723 565 854 641; x_wconf 89' lang='lat' dir='ltr'>poterat</span> <span class='ocrx_word' id='word_1_14' title='bbox 881 559 1009 640; x_wconf 91' lang='lat' dir='ltr'>quidem</span> <span class='ocrx_word' id='word_1_15' title='bbox 1040 578 1159 626; x_wconf 92' lang='lat' dir='ltr'>novum</span> <span class='ocrx_word' id='word_1_16' title='bbox 1190 561 1302 626; x_wconf 82' lang='lat' dir='ltr'>inatri-</span> 
     </span>
     <span class='ocr_line' id='line_1_3' title="bbox 75 657 1302 742; baseline 0 -18"><span class='ocrx_word' id='word_1_17' title='bbox 75 661 195 725; x_wconf 80' lang='lat' dir='ltr'><strong>monium</strong></span> <span class='ocrx_word' id='word_1_18' title='bbox 214 660 386 740; x_wconf 89' lang='lat' dir='ltr'>celebrare,</span> <span class='ocrx_word' id='word_1_19' title='bbox 409 659 438 724; x_wconf 91' lang='lat' dir='ltr'>si</span> <span class='ocrx_word' id='word_1_20' title='bbox 455 659 647 742; x_wconf 83' lang='lat' dir='ltr'>impotentia</span> <span class='ocrx_word' id='word_1_21' title='bbox 664 659 861 726; x_wconf 86' lang='lat' dir='ltr'>solummodo</span> <span class='ocrx_word' id='word_1_22' title='bbox 878 660 1020 726; x_wconf 90' lang='lat' dir='ltr'>relativa</span> <span class='ocrx_word' id='word_1_23' title='bbox 1036 657 1166 725; x_wconf 88' lang='lat' dir='ltr'>fuisset:</span> <span class='ocrx_word' id='word_1_24' title='bbox 1190 660 1302 739; x_wconf 89' lang='lat' dir='ltr'>quodsi</span> 
     </span>
     <span class='ocr_line' id='line_1_4' title="bbox 75 758 1124 843; baseline -0.002 -19"><span class='ocrx_word' id='word_1_25' title='bbox 75 761 170 825; x_wconf 83' lang='lat' dir='ltr'>luisset</span> <span class='ocrx_word' id='word_1_26' title='bbox 191 759 337 824; x_wconf 90' lang='lat' dir='ltr'>absoluta</span> <span class='ocrx_word' id='word_1_27' title='bbox 358 758 576 840; x_wconf 89' lang='lat' dir='ltr'>quodcumque</span> <span class='ocrx_word' id='word_1_28' title='bbox 599 759 784 843; x_wconf 85' lang='lat' dir='ltr'>conjugium</span> <span class='ocrx_word' id='word_1_29' title='bbox 808 759 837 824; x_wconf 92' lang='lat' dir='ltr'>ei</span> <span class='ocrx_word' id='word_1_30' title='bbox 860 758 1124 825; x_wconf 76' lang='lat' dir='ltr'>interdicebatur.</span> 
     </span>
    </p>
   </div>
   <div class='ocr_carea' id='block_1_3' title="bbox 66 892 1305 2476">
    <p class='ocr_par' dir='ltr' id='par_1_3' title="bbox 66 892 1305 2476">
     <span class='ocr_line' id='line_1_5' title="bbox 146 892 1302 976; baseline -0.002 -19"><span class='ocrx_word' id='word_1_31' title='bbox 146 899 191 957; x_wconf 87' lang='lat'>19.</span> <span class='ocrx_word' id='word_1_32' title='bbox 224 892 259 958; x_wconf 88' lang='lat' dir='ltr'>si</span> <span class='ocrx_word' id='word_1_33' title='bbox 280 899 388 958; x_wconf 90' lang='lat' dir='ltr'>autem</span> <span class='ocrx_word' id='word_1_34' title='bbox 411 893 610 974; x_wconf 77' lang='lat' dir='ltr'>impotentiae</span> <span class='ocrx_word' id='word_1_35' title='bbox 624 893 720 976; x_wconf 87' lang='lat' dir='ltr'>signa</span> <span class='ocrx_word' id='word_1_36' title='bbox 741 893 839 958; x_wconf 90' lang='lat' dir='ltr'>dubia</span> <span class='ocrx_word' id='word_1_37' title='bbox 861 892 1009 974; x_wconf 86' lang='lat' dir='ltr'>fuissent,</span> <span class='ocrx_word' id='word_1_38' title='bbox 1026 893 1190 958; x_wconf 89' lang='lat' dir='ltr'>sententia</span> <span class='ocrx_word' id='word_1_39' title='bbox 1211 911 1302 974; x_wconf 84' lang='lat' dir='ltr'>sepa-</span> 
     </span>
     <span class='ocr_line' id='line_1_6' title="bbox 72 991 1302 1076; baseline 0 -20"><span class='ocrx_word' id='word_1_40' title='bbox 72 993 189 1058; x_wconf 88' lang='lat' dir='ltr'>rationis</span> <span class='ocrx_word' id='word_1_41' title='bbox 216 1011 280 1058; x_wconf 92' lang='lat' dir='ltr'>non</span> <span class='ocrx_word' id='word_1_42' title='bbox 302 991 543 1074; x_wconf 82' lang='lat' dir='ltr'>proferebatur,</span> <span class='ocrx_word' id='word_1_43' title='bbox 571 992 629 1058; x_wconf 91' lang='lat' dir='ltr'>sed</span> <span class='ocrx_word' id='word_1_44' title='bbox 653 993 751 1075; x_wconf 86' lang='lat' dir='ltr'>juxta</span> <span class='ocrx_word' id='word_1_45' title='bbox 773 1011 919 1058; x_wconf 89' lang='lat' dir='ltr'>normam</span> <span class='ocrx_word' id='word_1_46' title='bbox 944 993 1029 1076; x_wconf 79' lang='lat' dir='ltr'>juris</span> <span class='ocrx_word' id='word_1_47' title='bbox 1051 992 1156 1058; x_wconf 90' lang='lat' dir='ltr'>civilis</span> <span class='ocrx_word' id='word_1_48' title='bbox 1184 993 1218 1056; x_wconf 93' lang='lat' dir='ltr'>in</span> <span class='ocrx_word' id='word_1_49' title='bbox 1241 993 1302 1056; x_wconf 83' lang='lat' dir='ltr'>No·</span> 
     </span>
     <span class='ocr_line' id='line_1_7' title="bbox 72 1091 1303 1178; baseline -0.003 -19"><span class='ocrx_word' id='word_1_50' title='bbox 72 1095 142 1159; x_wconf 76' lang='lat' dir='ltr'>uella</span> <span class='ocrx_word' id='word_1_51' title='bbox 171 1095 220 1157; x_wconf 71' lang='lat'>22.</span> <span class='ocrx_word' id='word_1_52' title='bbox 252 1091 272 1178; x_wconf 67' lang='grc' dir='ltr'><strong>ξ</strong></span> <span class='ocrx_word' id='word_1_53' title='bbox 299 1091 369 1162; x_wconf 84' lang='lat' dir='ltr'>Per</span> <span class='ocrx_word' id='word_1_54' title='bbox 397 1092 617 1174; x_wconf 69' lang='lat' dir='ltr'>occasionem,</span> <span class='ocrx_word' id='word_1_55' title='bbox 655 1093 816 1159; x_wconf 75' lang='lat' dir='ltr'>triennale</span> <span class='ocrx_word' id='word_1_56' title='bbox 847 1095 1104 1176; x_wconf 82' lang='lat' dir='ltr'>experimentum</span> <span class='ocrx_word' id='word_1_57' title='bbox 1143 1091 1303 1158; x_wconf 80' lang='lat' dir='ltr'>continuae</span> 
     </span>
     <span class='ocr_line' id='line_1_8' title="bbox 70 1192 1302 1276; baseline -0.002 -18"><span class='ocrx_word' id='word_1_58' title='bbox 70 1193 310 1272; x_wconf 86' lang='lat' dir='ltr'>cohabitationis,</span> <span class='ocrx_word' id='word_1_59' title='bbox 332 1197 365 1257; x_wconf 91' lang='lat' dir='ltr'>et</span> <span class='ocrx_word' id='word_1_60' title='bbox 387 1193 566 1276; x_wconf 83' lang='lat' dir='ltr'>conjurgalis</span> <span class='ocrx_word' id='word_1_61' title='bbox 589 1193 844 1260; x_wconf 81' lang='lat' dir='ltr'>conversationis</span> <span class='ocrx_word' id='word_1_62' title='bbox 865 1193 1077 1258; x_wconf 83' lang='lat' dir='ltr'>indicebatur.</span> <span class='ocrx_word' id='word_1_63' title='bbox 1111 1193 1179 1276; x_wconf 79' lang='lat' dir='ltr'>Quo</span> <span class='ocrx_word' id='word_1_64' title='bbox 1201 1192 1302 1256; x_wconf 88' lang='lat' dir='ltr'>trian-</span> 
     </span>
     <span class='ocr_line' id='line_1_9' title="bbox 71 1291 1301 1374; baseline -0.001 -18"><span class='ocrx_word' id='word_1_65' title='bbox 71 1291 111 1356; x_wconf 87' lang='lat' dir='ltr'>nio</span> <span class='ocrx_word' id='word_1_66' title='bbox 121 1292 276 1358; x_wconf 85' lang='lat' dir='ltr'>inutiliter</span> <span class='ocrx_word' id='word_1_67' title='bbox 291 1293 400 1374; x_wconf 83' lang='lat' dir='ltr'>elapso</span> <span class='ocrx_word' id='word_1_68' title='bbox 413 1294 533 1372; x_wconf 89' lang='lat' dir='ltr'>absque</span> <span class='ocrx_word' id='word_1_69' title='bbox 547 1292 820 1358; x_wconf 88' lang='lat' dir='ltr'>consummatione</span> <span class='ocrx_word' id='word_1_70' title='bbox 832 1292 1040 1374; x_wconf 79' lang='lat' dir='ltr'>matrimonii,</span> <span class='ocrx_word' id='word_1_71' title='bbox 1051 1293 1182 1374; x_wconf 92' lang='lat' dir='ltr'>plenum</span> <span class='ocrx_word' id='word_1_72' title='bbox 1195 1291 1301 1356; x_wconf 86' lang='lat' dir='ltr'>divor-</span> 
     </span>
     <span class='ocr_line' id='line_1_10' title="bbox 70 1391 1302 1474; baseline 0 -18"><span class='ocrx_word' id='word_1_73' title='bbox 70 1393 135 1456; x_wconf 83' lang='lat' dir='ltr'>tium</span> <span class='ocrx_word' id='word_1_74' title='bbox 163 1391 410 1472; x_wconf 87' lang='lat' dir='ltr'>decernebatur,</span> <span class='ocrx_word' id='word_1_75' title='bbox 444 1399 478 1458; x_wconf 90' lang='lat' dir='ltr'>et</span> <span class='ocrx_word' id='word_1_76' title='bbox 508 1413 584 1474; x_wconf 91' lang='lat' dir='ltr'>pars</span> <span class='ocrx_word' id='word_1_77' title='bbox 616 1399 730 1473; x_wconf 89' lang='lat' dir='ltr'>potens</span> <span class='ocrx_word' id='word_1_78' title='bbox 758 1410 860 1458; x_wconf 89' lang='lat' dir='ltr'>novas</span> <span class='ocrx_word' id='word_1_79' title='bbox 892 1393 1024 1474; x_wconf 86' lang='lat' dir='ltr'>nuptias</span> <span class='ocrx_word' id='word_1_80' title='bbox 1052 1393 1136 1458; x_wconf 88' lang='lat' dir='ltr'>inire</span> <span class='ocrx_word' id='word_1_81' title='bbox 1163 1398 1302 1474; x_wconf 88' lang='lat' dir='ltr'>poterat.</span> 
     </span>
     <span class='ocr_line' id='line_1_11' title="bbox 71 1491 1302 1576; baseline 0 -20"><span class='ocrx_word' id='word_1_82' title='bbox 71 1494 153 1557; x_wconf 82' lang='lat' dir='ltr'>Porro</span> <span class='ocrx_word' id='word_1_83' title='bbox 179 1492 477 1558; x_wconf 89' lang='lat' dir='ltr'>nonconsummatio</span> <span class='ocrx_word' id='word_1_84' title='bbox 502 1491 699 1558; x_wconf 90' lang='lat' dir='ltr'>matrimonii</span> <span class='ocrx_word' id='word_1_85' title='bbox 725 1494 927 1574; x_wconf 90' lang='lat' dir='ltr'>probabatur</span> <span class='ocrx_word' id='word_1_86' title='bbox 950 1511 990 1557; x_wconf 86' lang='lat' dir='ltr'>ex</span> <span class='ocrx_word' id='word_1_87' title='bbox 1013 1493 1212 1576; x_wconf 84' lang='lat' dir='ltr'>inspectione</span> <span class='ocrx_word' id='word_1_88' title='bbox 1234 1511 1302 1556; x_wconf 89' lang='lat' dir='ltr'>cor-</span> 
     </span>
     <span class='ocr_line' id='line_1_12' title="bbox 69 1591 1302 1674; baseline 0.001 -19"><span class='ocrx_word' id='word_1_89' title='bbox 69 1592 140 1672; x_wconf 85' lang='lat' dir='ltr'>poris</span> <span class='ocrx_word' id='word_1_90' title='bbox 166 1599 302 1674; x_wconf 88' lang='lat' dir='ltr'>peracta</span> <span class='ocrx_word' id='word_1_91' title='bbox 327 1612 347 1656; x_wconf 90' lang='lat' dir='ltr'>a</span> <span class='ocrx_word' id='word_1_92' title='bbox 369 1593 516 1674; x_wconf 90' lang='lat' dir='ltr'>probatis</span> <span class='ocrx_word' id='word_1_93' title='bbox 545 1592 690 1674; x_wconf 91' lang='lat' dir='ltr'>personis</span> <span class='ocrx_word' id='word_1_94' title='bbox 720 1599 754 1656; x_wconf 90' lang='lat' dir='ltr'>et</span> <span class='ocrx_word' id='word_1_95' title='bbox 785 1592 923 1674; x_wconf 92' lang='lat' dir='ltr'>idoneis,</span> <span class='ocrx_word' id='word_1_96' title='bbox 952 1611 1077 1658; x_wconf 86' lang='lat' dir='ltr'>necnon</span> <span class='ocrx_word' id='word_1_97' title='bbox 1107 1612 1157 1670; x_wconf 44' lang='lat' dir='ltr'>ex,</span> <span class='ocrx_word' id='word_1_98' title='bbox 1179 1591 1302 1674; x_wconf 88' lang='lat' dir='ltr'>deposi-</span> 
     </span>
     <span class='ocr_line' id='line_1_13' title="bbox 68 1690 1302 1776; baseline -0.002 -20"><span class='ocrx_word' id='word_1_99' title='bbox 68 1692 139 1756; x_wconf 84' lang='lat' dir='ltr'>tione</span> <span class='ocrx_word' id='word_1_100' title='bbox 154 1695 266 1774; x_wconf 89' lang='lat' dir='ltr'>jurata</span> <span class='ocrx_word' id='word_1_101' title='bbox 286 1693 428 1774; x_wconf 89' lang='lat' dir='ltr'>ipsorum</span> <span class='ocrx_word' id='word_1_102' title='bbox 452 1694 639 1776; x_wconf 78' lang='lat' dir='ltr'>conjugum,</span> <span class='ocrx_word' id='word_1_103' title='bbox 661 1711 797 1772; x_wconf 85' lang='lat' dir='ltr'>quornm</span> <span class='ocrx_word' id='word_1_104' title='bbox 822 1693 1027 1758; x_wconf 82' lang='lat' dir='ltr'>attestationi</span> <span class='ocrx_word' id='word_1_105' title='bbox 1051 1690 1186 1775; x_wconf 83' lang='lat' dir='ltr'>adjungi</span> <span class='ocrx_word' id='word_1_106' title='bbox 1209 1691 1302 1756; x_wconf 90' lang='lat' dir='ltr'>debe-</span> 
     </span>
     <span class='ocr_line' id='line_1_14' title="bbox 68 1790 1302 1880; baseline -0.002 -24"><span class='ocrx_word' id='word_1_107' title='bbox 68 1795 115 1856; x_wconf 86' lang='lat' dir='ltr'>bat</span> <span class='ocrx_word' id='word_1_108' title='bbox 134 1792 350 1858; x_wconf 87' lang='lat' dir='ltr'>testimonium</span> <span class='ocrx_word' id='word_1_109' title='bbox 375 1790 544 1880; x_wconf 71' lang='lat' dir='ltr'>‘Septima</span> <span class='ocrx_word' id='word_1_110' title='bbox 565 1792 701 1862; x_wconf 71' lang='lat' dir='ltr'>umoum&#39;</span> <span class='ocrx_word' id='word_1_111' title='bbox 722 1793 975 1875; x_wconf 87' lang='lat' dir='ltr'>propinquorum</span> <span class='ocrx_word' id='word_1_112' title='bbox 1002 1795 1093 1858; x_wconf 88' lang='lat' dir='ltr'>bonae</span> <span class='ocrx_word' id='word_1_113' title='bbox 1116 1791 1227 1872; x_wconf 85' lang='lat' dir='ltr'>samae,</span> <span class='ocrx_word' id='word_1_114' title='bbox 1250 1791 1302 1856; x_wconf 89' lang='lat' dir='ltr'>vel</span> 
     </span>
     <span class='ocr_line' id='line_1_15' title="bbox 68 1889 1302 1974; baseline -0.002 -18"><span class='ocrx_word' id='word_1_115' title='bbox 68 1892 233 1958; x_wconf 78' lang='lat' dir='ltr'>ritmorum.</span> <span class='ocrx_word' id='word_1_116' title='bbox 280 1891 439 1958; x_wconf 89' lang='lat' dir='ltr'>Videlicet</span> <span class='ocrx_word' id='word_1_117' title='bbox 467 1899 592 1974; x_wconf 91' lang='lat' dir='ltr'>septem</span> <span class='ocrx_word' id='word_1_118' title='bbox 615 1891 784 1974; x_wconf 76' lang='lat' dir='ltr'>propinqui</span> <span class='ocrx_word' id='word_1_119' title='bbox 808 1893 977 1972; x_wconf 85' lang='lat' dir='ltr'>utriusque</span> <span class='ocrx_word' id='word_1_120' title='bbox 1000 1891 1163 1974; x_wconf 88' lang='lat' dir='ltr'>conjugis,</span> <span class='ocrx_word' id='word_1_121' title='bbox 1192 1891 1245 1956; x_wconf 90' lang='lat' dir='ltr'>vel</span> <span class='ocrx_word' id='word_1_122' title='bbox 1268 1889 1302 1954; x_wconf 92' lang='lat' dir='ltr'>in</span> 
     </span>
     <span class='ocr_line' id='line_1_16' title="bbox 67 1991 1302 2076; baseline 0.001 -21"><span class='ocrx_word' id='word_1_123' title='bbox 67 2010 160 2056; x_wconf 89' lang='lat' dir='ltr'>eorum</span> <span class='ocrx_word' id='word_1_124' title='bbox 188 1991 318 2060; x_wconf 87' lang='lat' dir='ltr'>defectu</span> <span class='ocrx_word' id='word_1_125' title='bbox 345 1999 470 2074; x_wconf 88' lang='lat' dir='ltr'>septem</span> <span class='ocrx_word' id='word_1_126' title='bbox 499 1993 597 2059; x_wconf 87' lang='lat' dir='ltr'>vicini</span> <span class='ocrx_word' id='word_1_127' title='bbox 626 1993 919 2074; x_wconf 86' lang='lat' dir='ltr'>interrogabantur</span> <span class='ocrx_word' id='word_1_128' title='bbox 941 2013 962 2058; x_wconf 90' lang='lat' dir='ltr'>a</span> <span class='ocrx_word' id='word_1_129' title='bbox 987 1994 1096 2076; x_wconf 89' lang='lat' dir='ltr'>jndice</span> <span class='ocrx_word' id='word_1_130' title='bbox 1124 1991 1202 2072; x_wconf 91' lang='lat' dir='ltr'>quid</span> <span class='ocrx_word' id='word_1_131' title='bbox 1230 2011 1302 2057; x_wconf 89' lang='lat' dir='ltr'>sen·</span> 
     </span>
     <span class='ocr_line' id='line_1_17' title="bbox 67 2091 1303 2178; baseline 0.002 -24"><span class='ocrx_word' id='word_1_132' title='bbox 67 2092 152 2156; x_wconf 89' lang='lat' dir='ltr'>tirent</span> <span class='ocrx_word' id='word_1_133' title='bbox 178 2095 266 2159; x_wconf 87' lang='lat' dir='ltr'>circa</span> <span class='ocrx_word' id='word_1_134' title='bbox 291 2093 531 2159; x_wconf 87' lang='lat' dir='ltr'>matrimonium</span> <span class='ocrx_word' id='word_1_135' title='bbox 559 2094 690 2176; x_wconf 85' lang='lat' dir='ltr'>cognati</span> <span class='ocrx_word' id='word_1_136' title='bbox 719 2093 783 2174; x_wconf 90' lang='lat' dir='ltr'>sui,</span> <span class='ocrx_word' id='word_1_137' title='bbox 800 2095 863 2178; x_wconf 86' lang='lat' dir='ltr'>¹vel</span> <span class='ocrx_word' id='word_1_138' title='bbox 891 2093 1006 2173; x_wconf 88' lang='lat' dir='ltr'>vicini,</span> <span class='ocrx_word' id='word_1_139' title='bbox 1035 2098 1144 2159; x_wconf 92' lang='lat' dir='ltr'>utrum</span> <span class='ocrx_word' id='word_1_140' title='bbox 1179 2091 1303 2157; x_wconf 91' lang='lat' dir='ltr'>scirent</span> 
     </span>
     <span class='ocr_line' id='line_1_18' title="bbox 66 2191 1305 2274; baseline 0.002 -20"><span class='ocrx_word' id='word_1_141' title='bbox 66 2191 290 2260; x_wconf 84' lang='lat' dir='ltr'>matrimonium</span> <span class='ocrx_word' id='word_1_142' title='bbox 307 2193 407 2260; x_wconf 86' lang='lat' dir='ltr'>fuisse</span> <span class='ocrx_word' id='word_1_143' title='bbox 423 2198 679 2260; x_wconf 91' lang='lat' dir='ltr'>consummatum</span> <span class='ocrx_word' id='word_1_144' title='bbox 695 2213 806 2274; x_wconf 88' lang='lat' dir='ltr'>necne,</span> <span class='ocrx_word' id='word_1_145' title='bbox 829 2199 862 2258; x_wconf 91' lang='lat' dir='ltr'>et</span> <span class='ocrx_word' id='word_1_146' title='bbox 880 2200 989 2260; x_wconf 91' lang='lat' dir='ltr'>utrum</span> <span class='ocrx_word' id='word_1_147' title='bbox 1006 2194 1201 2259; x_wconf 88' lang='lat' dir='ltr'>credendum</span> <span class='ocrx_word' id='word_1_148' title='bbox 1218 2201 1305 2258; x_wconf 89' lang='lat' dir='ltr'>esset</span> 
     </span>
     <span class='ocr_line' id='line_1_19' title="bbox 66 2291 1303 2374; baseline 0.005 -22"><span class='ocrx_word' id='word_1_149' title='bbox 66 2292 235 2374; x_wconf 80' lang='lat' dir='ltr'>conjugibus</span> <span class='ocrx_word' id='word_1_150' title='bbox 269 2291 507 2359; x_wconf 86' lang='lat' dir='ltr'>affirmantibus</span> <span class='ocrx_word' id='word_1_151' title='bbox 542 2293 782 2359; x_wconf 89' lang='lat' dir='ltr'>matrimonium</span> <span class='ocrx_word' id='word_1_152' title='bbox 812 2313 876 2358; x_wconf 93' lang='lat' dir='ltr'>non</span> <span class='ocrx_word' id='word_1_153' title='bbox 907 2293 1008 2358; x_wconf 89' lang='lat' dir='ltr'>fuisse</span> <span class='ocrx_word' id='word_1_154' title='bbox 1036 2298 1303 2373; x_wconf 86' lang='lat' dir='ltr'>consummatum,</span> 
     </span>
     <span class='ocr_line' id='line_1_20' title="bbox 66 2393 1303 2476; baseline 0.005 -24"><span class='ocrx_word' id='word_1_155' title='bbox 66 2409 116 2454; x_wconf 89' lang='lat' dir='ltr'>non</span> <span class='ocrx_word' id='word_1_156' title='bbox 138 2393 344 2460; x_wconf 87' lang='lat' dir='ltr'>obstantibus</span> <span class='ocrx_word' id='word_1_157' title='bbox 365 2395 534 2460; x_wconf 89' lang='lat' dir='ltr'>conatibus</span> <span class='ocrx_word' id='word_1_158' title='bbox 557 2393 671 2475; x_wconf 90' lang='lat' dir='ltr'>positis</span> <span class='ocrx_word' id='word_1_159' title='bbox 695 2393 737 2458; x_wconf 91' lang='lat' dir='ltr'>ad</span> <span class='ocrx_word' id='word_1_160' title='bbox 760 2394 925 2458; x_wconf 88' lang='lat' dir='ltr'>carnalem</span> <span class='ocrx_word' id='word_1_161' title='bbox 945 2395 1092 2476; x_wconf 89' lang='lat' dir='ltr'>copulam</span> <span class='ocrx_word' id='word_1_162' title='bbox 1112 2393 1303 2458; x_wconf 90' lang='lat' dir='ltr'>habendam.</span> 
     </span>
    </p>
   </div>
   <div class='ocr_carea' id='block_1_4' title="bbox 66 2515 1304 2888">
    <p class='ocr_par' dir='ltr' id='par_1_4' title="bbox 66 2515 1304 2888">
     <span class='ocr_line' id='line_1_21' title="bbox 140 2515 1303 2600; baseline 0.002 -22"><span class='ocrx_word' id='word_1_163' title='bbox 140 2522 186 2580; x_wconf 78' lang='lat'>20.</span> <span class='ocrx_word' id='word_1_164' title='bbox 221 2517 338 2582; x_wconf 87' lang='lat' dir='ltr'>Modus</span> <span class='ocrx_word' id='word_1_165' title='bbox 369 2517 420 2582; x_wconf 91' lang='lat' dir='ltr'>bic</span> <span class='ocrx_word' id='word_1_166' title='bbox 449 2516 643 2600; x_wconf 88' lang='lat' dir='ltr'>procedendi</span> <span class='ocrx_word' id='word_1_167' title='bbox 669 2517 704 2580; x_wconf 92' lang='lat' dir='ltr'>in</span> <span class='ocrx_word' id='word_1_168' title='bbox 726 2516 832 2582; x_wconf 90' lang='lat' dir='ltr'>causis</span> <span class='ocrx_word' id='word_1_169' title='bbox 855 2516 1054 2598; x_wconf 70' lang='lat' dir='ltr'>impotentiae</span> <span class='ocrx_word' id='word_1_170' title='bbox 1077 2515 1303 2598; x_wconf 44' lang='lat' dir='ltr'>perfectioremw</span> 
     </span>
     <span class='ocr_line' id='line_1_22' title="bbox 66 2613 1304 2700; baseline 0.002 -23"><span class='ocrx_word' id='word_1_171' title='bbox 66 2613 184 2680; x_wconf 84' lang='lat' dir='ltr'>lbrmam</span> <span class='ocrx_word' id='word_1_172' title='bbox 218 2617 364 2684; x_wconf 91' lang='lat' dir='ltr'>obtinuit</span> <span class='ocrx_word' id='word_1_173' title='bbox 397 2619 579 2700; x_wconf 82' lang='lat' dir='ltr'>praesertim</span> <span class='ocrx_word' id='word_1_174' title='bbox 613 2635 653 2682; x_wconf 85' lang='lat' dir='ltr'>ex</span> <span class='ocrx_word' id='word_1_175' title='bbox 686 2637 800 2682; x_wconf 90' lang='lat' dir='ltr'>norma</span> <span class='ocrx_word' id='word_1_176' title='bbox 834 2617 994 2698; x_wconf 83' lang='lat' dir='ltr'>generali,</span> <span class='ocrx_word' id='word_1_177' title='bbox 1027 2637 1123 2697; x_wconf 89' lang='lat' dir='ltr'>qnam</span> <span class='ocrx_word' id='word_1_178' title='bbox 1159 2617 1304 2682; x_wconf 85' lang='lat' dir='ltr'>instituit</span> 
     </span>
     <span class='ocr_line' id='line_1_23' title="bbox 68 2715 1304 2799; baseline 0.004 -22"><span class='ocrx_word' id='word_1_179' title='bbox 68 2715 246 2782; x_wconf 86' lang='lat' dir='ltr'>Benedictus</span> <span class='ocrx_word' id='word_1_180' title='bbox 265 2717 353 2782; x_wconf 87' lang='lat' dir='ltr'>XIV.</span> <span class='ocrx_word' id='word_1_181' title='bbox 376 2737 435 2799; x_wconf 91' lang='lat' dir='ltr'>pro</span> <span class='ocrx_word' id='word_1_182' title='bbox 455 2718 561 2784; x_wconf 84' lang='lat' dir='ltr'>carusis</span> <span class='ocrx_word' id='word_1_183' title='bbox 582 2718 875 2784; x_wconf 90' lang='lat' dir='ltr'>matrimonialibus</span> <span class='ocrx_word' id='word_1_184' title='bbox 898 2718 1004 2798; x_wconf 87' lang='lat' dir='ltr'>quoad</span> <span class='ocrx_word' id='word_1_185' title='bbox 1022 2718 1186 2786; x_wconf 82' lang='lat' dir='ltr'>vinculum</span> <span class='ocrx_word' id='word_1_186' title='bbox 1208 2735 1304 2799; x_wconf 85' lang='lat' dir='ltr'>expe-</span> 
     </span>
     <span class='ocr_line' id='line_1_24' title="bbox 66 2814 1304 2888; baseline 0.005 -10"><span class='ocrx_word' id='word_1_187' title='bbox 66 2814 181 2880; x_wconf 87' lang='lat' dir='ltr'>diendis.</span> <span class='ocrx_word' id='word_1_188' title='bbox 225 2819 351 2882; x_wconf 89' lang='lat' dir='ltr'>Norma</span> <span class='ocrx_word' id='word_1_189' title='bbox 374 2819 442 2882; x_wconf 86' lang='lat' dir='ltr'>baec</span> <span class='ocrx_word' id='word_1_190' title='bbox 465 2817 610 2882; x_wconf 89' lang='lat' dir='ltr'>traditur·</span> <span class='ocrx_word' id='word_1_191' title='bbox 636 2818 670 2882; x_wconf 91' lang='lat' dir='ltr'>in</span> <span class='ocrx_word' id='word_1_192' title='bbox 695 2818 933 2883; x_wconf 77' lang='lat' dir='ltr'>Constitutione</span> <span class='ocrx_word' id='word_1_193' title='bbox 962 2815 1043 2888; x_wconf 84' lang='lat' dir='ltr'>‘Dei</span> <span class='ocrx_word' id='word_1_194' title='bbox 1064 2815 1304 2886; x_wconf 82' lang='lat' dir='ltr'>Miserutiouc’</span> 
     </span>
    </p>
   </div>
   <div class='ocr_carea' id='block_1_5' title="bbox 67 2913 615 2988">
    <p class='ocr_par' dir='ltr' id='par_1_5' title="bbox 67 2913 615 2988">
     <span class='ocr_line' id='line_1_25' title="bbox 67 2913 615 2988; baseline 0.002 -8"><span class='ocrx_word' id='word_1_195' title='bbox 67 2913 137 2983; x_wconf 86' lang='lat' dir='ltr'>dulc</span> <span class='ocrx_word' id='word_1_196' title='bbox 158 2916 212 2986; x_wconf 79' lang='lat' dir='ltr'>die</span> <span class='ocrx_word' id='word_1_197' title='bbox 235 2919 270 2988; x_wconf 87' lang='lat'>3.</span> <span class='ocrx_word' id='word_1_198' title='bbox 292 2913 495 2986; x_wconf 73' lang='lat' dir='ltr'>Novembris</span> <span class='ocrx_word' id='word_1_199' title='bbox 516 2918 615 2985; x_wconf 82' lang='lat'>1741.</span> 
     </span>
    </p>
   </div>
   <div class='ocr_carea' id='block_1_6' title="bbox 66 3017 1305 3601">
    <p class='ocr_par' dir='ltr' id='par_1_6' title="bbox 66 3017 1305 3601">
     <span class='ocr_line' id='line_1_26' title="bbox 140 3017 1304 3114; baseline 0.003 -20"><span class='ocrx_word' id='word_1_200' title='bbox 140 3037 187 3095; x_wconf 79' lang='grc'>21.</span> <span class='ocrx_word' id='word_1_201' title='bbox 220 3032 265 3096; x_wconf 91' lang='lat' dir='ltr'>In</span> <span class='ocrx_word' id='word_1_202' title='bbox 299 3033 360 3097; x_wconf 91' lang='lat' dir='ltr'>hac</span> <span class='ocrx_word' id='word_1_203' title='bbox 386 3017 625 3098; x_wconf 79' lang='lat' dir='ltr'>Constitutione¹</span> <span class='ocrx_word' id='word_1_204' title='bbox 659 3031 763 3114; x_wconf 90' lang='lat' dir='ltr'>primo</span> <span class='ocrx_word' id='word_1_205' title='bbox 796 3032 864 3096; x_wconf 88' lang='lat' dir='ltr'>loco</span> <span class='ocrx_word' id='word_1_206' title='bbox 892 3041 1122 3098; x_wconf 89' lang='lat' dir='ltr'>commemorat</span> <span class='ocrx_word' id='word_1_207' title='bbox 1151 3033 1304 3098; x_wconf 80' lang='lat' dir='ltr'>Pontifex</span> 
     </span>
     <span class='ocr_line' id='line_1_27' title="bbox 67 3130 1302 3216; baseline 0.003 -22"><span class='ocrx_word' id='word_1_208' title='bbox 67 3130 214 3199; x_wconf 87' lang='lat' dir='ltr'>decretum</span> <span class='ocrx_word' id='word_1_209' title='bbox 230 3133 470 3216; x_wconf 81' lang='lat' dir='ltr'>Tridentinnm,</span> <span class='ocrx_word' id='word_1_210' title='bbox 486 3153 547 3214; x_wconf 84' lang='lat' dir='ltr'>quro</span> <span class='ocrx_word' id='word_1_211' title='bbox 567 3133 726 3200; x_wconf 90' lang='lat' dir='ltr'>statuitur</span> <span class='ocrx_word' id='word_1_212' title='bbox 743 3151 858 3197; x_wconf 89' lang='lat' dir='ltr'>causas</span> <span class='ocrx_word' id='word_1_213' title='bbox 875 3133 1131 3198; x_wconf 89' lang='lat' dir='ltr'>matrimoniales</span> <span class='ocrx_word' id='word_1_214' title='bbox 1150 3134 1184 3198; x_wconf 93' lang='lat' dir='ltr'>in</span> <span class='ocrx_word' id='word_1_215' title='bbox 1199 3134 1302 3215; x_wconf 88' lang='lat' dir='ltr'>prima</span> 
     </span>
     <span class='ocr_line' id='line_1_28' title="bbox 66 3230 1305 3316; baseline 0.006 -23"><span class='ocrx_word' id='word_1_216' title='bbox 66 3230 208 3299; x_wconf 88' lang='lat' dir='ltr'>instantia</span> <span class='ocrx_word' id='word_1_217' title='bbox 231 3235 400 3300; x_wconf 90' lang='lat' dir='ltr'>reservari</span> <span class='ocrx_word' id='word_1_218' title='bbox 422 3234 656 3316; x_wconf 81' lang='lat' dir='ltr'>Episcoporum</span> <span class='ocrx_word' id='word_1_219' title='bbox 679 3233 835 3314; x_wconf 82' lang='lat' dir='ltr'>examini,</span> <span class='ocrx_word' id='word_1_220' title='bbox 866 3232 908 3296; x_wconf 86' lang='lat' dir='ltr'>ad</span> <span class='ocrx_word' id='word_1_221' title='bbox 931 3233 1147 3298; x_wconf 83' lang='lat' dir='ltr'>exclusionem</span> <span class='ocrx_word' id='word_1_222' title='bbox 1171 3232 1305 3302; x_wconf 86' lang='lat' dir='ltr'>Decani.</span> 
     </span>
     <span class='ocr_line' id='line_1_29' title="bbox 67 3331 1304 3418; baseline 0.006 -28"><span class='ocrx_word' id='word_1_223' title='bbox 67 3331 281 3400; x_wconf 66' lang='lat' dir='ltr'>archidiaconi</span> <span class='ocrx_word' id='word_1_224' title='bbox 308 3341 342 3398; x_wconf 93' lang='lat' dir='ltr'>et</span> <span class='ocrx_word' id='word_1_225' title='bbox 371 3335 510 3400; x_wconf 90' lang='lat' dir='ltr'>aliarum</span> <span class='ocrx_word' id='word_1_226' title='bbox 544 3333 742 3416; x_wconf 85' lang='lat' dir='ltr'>dignitatum</span> <span class='ocrx_word' id='word_1_227' title='bbox 770 3331 977 3413; x_wconf 83' lang='lat' dir='ltr'>inferiorum,</span> <span class='ocrx_word' id='word_1_228' title='bbox 1013 3334 1128 3412; x_wconf 90' lang='lat' dir='ltr'>quibus</span> <span class='ocrx_word' id='word_1_229' title='bbox 1162 3353 1202 3399; x_wconf 81' lang='lat' dir='ltr'>ex</span> <span class='ocrx_word' id='word_1_230' title='bbox 1230 3337 1304 3418; x_wconf 89' lang='lat' dir='ltr'>jure</span> 
     </span>
     <span class='ocr_line' id='line_1_30' title="bbox 67 3431 1304 3517; baseline 0.003 -25"><span class='ocrx_word' id='word_1_231' title='bbox 67 3431 109 3494; x_wconf 86' lang='lat' dir='ltr'>vel</span> <span class='ocrx_word' id='word_1_232' title='bbox 139 3434 368 3500; x_wconf 90' lang='lat' dir='ltr'>consuetudine</span> <span class='ocrx_word' id='word_1_233' title='bbox 402 3443 584 3516; x_wconf 86' lang='lat' dir='ltr'>competere</span> <span class='ocrx_word' id='word_1_234' title='bbox 617 3439 747 3515; x_wconf 90' lang='lat' dir='ltr'>poterat</span> <span class='ocrx_word' id='word_1_235' title='bbox 777 3432 961 3517; x_wconf 88' lang='lat' dir='ltr'>jurisdictio</span> <span class='ocrx_word' id='word_1_236' title='bbox 997 3432 1029 3496; x_wconf 92' lang='lat' dir='ltr'>in</span> <span class='ocrx_word' id='word_1_237' title='bbox 1065 3435 1171 3498; x_wconf 90' lang='lat' dir='ltr'>causis</span> <span class='ocrx_word' id='word_1_238' title='bbox 1206 3434 1304 3498; x_wconf 87' lang='lat' dir='ltr'>etiam</span> 
     </span>
     <span class='ocr_line' id='line_1_31' title="bbox 68 3533 353 3601; baseline 0.028 -8"><span class='ocrx_word' id='word_1_239' title='bbox 68 3533 353 3601; x_wconf 89' lang='lat' dir='ltr'>matrimonialibus.</span> 
     </span>
    </p>
   </div>
   <div class='ocr_carea' id='block_1_7' title="bbox 66 3647 1307 4232">
    <p class='ocr_par' dir='ltr' id='par_1_7' title="bbox 66 3647 1307 4232">
     <span class='ocr_line' id='line_1_32' title="bbox 141 3647 1306 3728; baseline -0.003 -17"><span class='ocrx_word' id='word_1_240' title='bbox 141 3653 188 3712; x_wconf 74' lang='lat'>22.</span> <span class='ocrx_word' id='word_1_241' title='bbox 225 3650 368 3714; x_wconf 89' lang='lat' dir='ltr'>Possunt</span> <span class='ocrx_word' id='word_1_242' title='bbox 397 3667 475 3714; x_wconf 88' lang='lat' dir='ltr'>vero</span> <span class='ocrx_word' id='word_1_243' title='bbox 504 3647 627 3714; x_wconf 87' lang='lat' dir='ltr'>Vicarii</span> <span class='ocrx_word' id='word_1_244' title='bbox 657 3647 877 3728; x_wconf 77' lang='lat' dir='ltr'>Capitulares,</span> <span class='ocrx_word' id='word_1_245' title='bbox 912 3647 987 3711; x_wconf 89' lang='lat' dir='ltr'>sede</span> <span class='ocrx_word' id='word_1_246' title='bbox 1014 3652 1154 3712; x_wconf 84' lang='lat' dir='ltr'>vacante</span> <span class='ocrx_word' id='word_1_247' title='bbox 1189 3663 1306 3710; x_wconf 89' lang='lat' dir='ltr'>causas</span> 
     </span>
     <span class='ocr_line' id='line_1_33' title="bbox 68 3743 1306 3828; baseline -0.001 -21"><span class='ocrx_word' id='word_1_248' title='bbox 68 3749 309 3814; x_wconf 85' lang='lat' dir='ltr'>matrimoniales</span> <span class='ocrx_word' id='word_1_249' title='bbox 330 3748 442 3814; x_wconf 89' lang='lat' dir='ltr'>videre</span> <span class='ocrx_word' id='word_1_250' title='bbox 464 3753 498 3814; x_wconf 91' lang='lat' dir='ltr'>et</span> <span class='ocrx_word' id='word_1_251' title='bbox 520 3749 704 3828; x_wconf 86' lang='lat' dir='ltr'>decernere,</span> <span class='ocrx_word' id='word_1_252' title='bbox 727 3747 803 3826; x_wconf 90' lang='lat' dir='ltr'>quia</span> <span class='ocrx_word' id='word_1_253' title='bbox 826 3747 859 3810; x_wconf 94' lang='lat' dir='ltr'>in</span> <span class='ocrx_word' id='word_1_254' title='bbox 882 3747 968 3828; x_wconf 91' lang='lat' dir='ltr'>ipsos</span> <span class='ocrx_word' id='word_1_255' title='bbox 990 3746 1112 3811; x_wconf 91' lang='lat' dir='ltr'>transit</span> <span class='ocrx_word' id='word_1_256' title='bbox 1122 3743 1306 3828; x_wconf 90' lang='lat' dir='ltr'>jurisdictio</span> 
     </span>
     <span class='ocr_line' id='line_1_34' title="bbox 69 3843 1307 3931; baseline 0 -22"><span class='ocrx_word' id='word_1_257' title='bbox 69 3843 257 3931; x_wconf 78' lang='lat' dir='ltr'>Episcopalis</span> <span class='ocrx_word' id='word_1_258' title='bbox 280 3849 446 3914; x_wconf 88' lang='lat' dir='ltr'>ordinaria</span> <span class='ocrx_word' id='word_1_259' title='bbox 469 3855 503 3914; x_wconf 90' lang='lat' dir='ltr'>et</span> <span class='ocrx_word' id='word_1_260' title='bbox 526 3849 720 3914; x_wconf 83' lang='lat' dir='ltr'>necessaria.</span> <span class='ocrx_word' id='word_1_261' title='bbox 760 3847 856 3914; x_wconf 87' lang='lat' dir='ltr'>Unde</span> <span class='ocrx_word' id='word_1_262' title='bbox 876 3847 906 3911; x_wconf 82' lang='lat' dir='ltr'>S.</span> <span class='ocrx_word' id='word_1_263' title='bbox 930 3845 1148 3928; x_wconf 82' lang='lat' dir='ltr'>Congregatio</span> <span class='ocrx_word' id='word_1_264' title='bbox 1172 3843 1307 3910; x_wconf 82' lang='lat' dir='ltr'>Concilii</span> 
     </span>
     <span class='ocr_line' id='line_1_35' title="bbox 68 3943 1307 4031; baseline 0.002 -25"><span class='ocrx_word' id='word_1_265' title='bbox 68 3945 167 4028; x_wconf 90' lang='lat' dir='ltr'>recipit</span> <span class='ocrx_word' id='word_1_266' title='bbox 195 3967 366 4031; x_wconf 88' lang='lat' dir='ltr'>processus</span> <span class='ocrx_word' id='word_1_267' title='bbox 396 3947 558 4014; x_wconf 87' lang='lat' dir='ltr'>confectos</span> <span class='ocrx_word' id='word_1_268' title='bbox 588 3954 622 4014; x_wconf 92' lang='lat' dir='ltr'>et</span> <span class='ocrx_word' id='word_1_269' title='bbox 650 3947 830 4013; x_wconf 88' lang='lat' dir='ltr'>sententias</span> <span class='ocrx_word' id='word_1_270' title='bbox 853 3965 873 4010; x_wconf 91' lang='lat' dir='ltr'>a</span> <span class='ocrx_word' id='word_1_271' title='bbox 897 3945 1037 4010; x_wconf 88' lang='lat' dir='ltr'>Vicariis</span> <span class='ocrx_word' id='word_1_272' title='bbox 1064 3943 1307 4026; x_wconf 75' lang='lat' dir='ltr'>capitularibus</span> 
     </span>
     <span class='ocr_line' id='line_1_36' title="bbox 66 4044 1306 4130; baseline 0.002 -24"><span class='ocrx_word' id='word_1_273' title='bbox 66 4044 94 4107; x_wconf 91' lang='lat' dir='ltr'>in</span> <span class='ocrx_word' id='word_1_274' title='bbox 113 4047 229 4113; x_wconf 86' lang='lat' dir='ltr'>hac-re</span> <span class='ocrx_word' id='word_1_275' title='bbox 248 4049 363 4115; x_wconf 89' lang='lat' dir='ltr'>editas.</span> <span class='ocrx_word' id='word_1_276' title='bbox 400 4049 594 4130; x_wconf 84' lang='lat' dir='ltr'>Exemplum</span> <span class='ocrx_word' id='word_1_277' title='bbox 616 4047 802 4129; x_wconf 88' lang='lat' dir='ltr'>nuperrime</span> <span class='ocrx_word' id='word_1_278' title='bbox 824 4047 980 4112; x_wconf 90' lang='lat' dir='ltr'>habemus</span> <span class='ocrx_word' id='word_1_279' title='bbox 1004 4046 1038 4110; x_wconf 93' lang='lat' dir='ltr'>in</span> <span class='ocrx_word' id='word_1_280' title='bbox 1061 4047 1167 4111; x_wconf 83' lang='lat' dir='ltr'>Causa</span> <span class='ocrx_word' id='word_1_281' title='bbox 1191 4045 1306 4109; x_wconf 83' lang='lat' dir='ltr'>Tolen-</span> 
     </span>
     <span class='ocr_line' id='line_1_37' title="bbox 67 4144 1034 4232; baseline 0.004 -26"><span class='ocrx_word' id='word_1_282' title='bbox 67 4144 226 4214; x_wconf 89' lang='lat' dir='ltr'>tinatensis</span> <span class='ocrx_word' id='word_1_283' title='bbox 251 4149 448 4215; x_wconf 90' lang='lat' dir='ltr'>matrimonii</span> <span class='ocrx_word' id='word_1_284' title='bbox 471 4149 638 4232; x_wconf 91' lang='lat' dir='ltr'>proposita</span> <span class='ocrx_word' id='word_1_285' title='bbox 663 4148 714 4214; x_wconf 92' lang='lat' dir='ltr'>die</span> <span class='ocrx_word' id='word_1_286' title='bbox 740 4153 788 4212; x_wconf 85' lang='grc'>17.</span> <span class='ocrx_word' id='word_1_287' title='bbox 812 4147 914 4228; x_wconf 87' lang='lat' dir='ltr'>April.</span> <span class='ocrx_word' id='word_1_288' title='bbox 941 4152 1034 4212; x_wconf 84' lang='lat'>1869.</span> 
     </span>
    </p>
   </div>
   <div class='ocr_carea' id='block_1_8' title="bbox 66 4261 1308 4448">
    <p class='ocr_par' dir='ltr' id='par_1_8' title="bbox 66 4261 1308 4448">
     <span class='ocr_line' id='line_1_38' title="bbox 143 4261 1306 4347; baseline -0.003 -19"><span class='ocrx_word' id='word_1_289' title='bbox 143 4270 192 4330; x_wconf 80' lang='lat'>23.</span> <span class='ocrx_word' id='word_1_290' title='bbox 228 4273 269 4332; x_wconf 73' lang='lat'>2⁰.</span> <span class='ocrx_word' id='word_1_291' title='bbox 301 4268 425 4334; x_wconf 88' lang='lat' dir='ltr'>Statuit</span> <span class='ocrx_word' id='word_1_292' title='bbox 439 4267 593 4333; x_wconf 82' lang='lat' dir='ltr'>Pontifex</span> <span class='ocrx_word' id='word_1_293' title='bbox 608 4270 646 4331; x_wconf 92' lang='lat' dir='ltr'>ut</span> <span class='ocrx_word' id='word_1_294' title='bbox 657 4283 795 4347; x_wconf 89' lang='lat' dir='ltr'>persona</span> <span class='ocrx_word' id='word_1_295' title='bbox 809 4265 918 4344; x_wconf 85' lang='lat' dir='ltr'>aliqua</span> <span class='ocrx_word' id='word_1_296' title='bbox 932 4264 1074 4346; x_wconf 79' lang='lat' dir='ltr'>eligatur·</span> <span class='ocrx_word' id='word_1_297' title='bbox 1089 4264 1215 4346; x_wconf 90' lang='lat' dir='ltr'>idonea,</span> <span class='ocrx_word' id='word_1_298' title='bbox 1231 4261 1306 4330; x_wconf 90' lang='lat' dir='ltr'>etsi</span> 
     </span>
     <span class='ocr_line' id='line_1_39' title="bbox 66 4359 1308 4448; baseline 0.002 -23"><span class='ocrx_word' id='word_1_299' title='bbox 66 4359 127 4427; x_wconf 83' lang='lat' dir='ltr'>fieri</span> <span class='ocrx_word' id='word_1_300' title='bbox 149 4371 257 4446; x_wconf 88' lang='lat' dir='ltr'>potest</span> <span class='ocrx_word' id='word_1_301' title='bbox 281 4387 319 4432; x_wconf 83' lang='lat' dir='ltr'>ex</span> <span class='ocrx_word' id='word_1_302' title='bbox 344 4373 429 4433; x_wconf 89' lang='lat' dir='ltr'>coetu</span> <span class='ocrx_word' id='word_1_303' title='bbox 451 4366 698 4446; x_wconf 85' lang='lat' dir='ltr'>Ecclesiastico,</span> <span class='ocrx_word' id='word_1_304' title='bbox 717 4363 802 4448; x_wconf 89' lang='lat' dir='ltr'>juris</span> <span class='ocrx_word' id='word_1_305' title='bbox 825 4363 962 4428; x_wconf 88' lang='lat' dir='ltr'>scientia</span> <span class='ocrx_word' id='word_1_306' title='bbox 986 4371 1018 4428; x_wconf 91' lang='lat' dir='ltr'>et</span> <span class='ocrx_word' id='word_1_307' title='bbox 1041 4365 1204 4446; x_wconf 88' lang='lat' dir='ltr'>probitate</span> <span class='ocrx_word' id='word_1_308' title='bbox 1224 4383 1308 4446; x_wconf 85' lang='lat' dir='ltr'>prae-</span> 
     </span>
    </p>
   </div>
   <div class='ocr_carea' id='block_1_9' title="bbox 0 0 1598 5296">
    <p class='ocr_par' dir='ltr' id='par_1_9' title="bbox 0 0 1598 5296">
     <span class='ocr_line' id='line_1_40' title="bbox 0 0 1598 5296; baseline 0 1"><span class='ocrx_word' id='word_1_309' title='bbox 0 0 1598 5296; x_wconf 95' lang='lat' dir='ltr'> </span> 
     </span>
    </p>
   </div>
  </div>
 </body>
</html>
