3186 5296
207 431 272 498 TIT}
286 453 315 496 V.
331 453 375 495 DE
388 452 644 499 communiamus
656 451 823 498 Arrosffls
835 453 871 498 lm
883 451 1152 500 DESPONSAHONE
1165 451 1235 497 ETG.
1290 435 1351 498 103

183 612 234 672 12.
256 607 339 688 Duo,
359 607 506 674 Parocho
531 607 694 691 adstante,
717 612 751 674 et
771 608 911 676 testibus
932 613 1167 674 contraxerunt
1185 607 1352 674 matrimo-

86 709 183 775 nium
206 707 247 772 de
269 707 423 792 prasenti
448 710 509 774 sub
536 707 674 774 honesta
703 714 737 774 et
761 709 908 792 possibili
935 708 1127 776 conditione.
1171 706 1352 774 Purificata

89 808 279 878 conditione
302 808 473 890 quaesitum
499 813 550 876 est
577 828 620 878 au
644 829 680 876 eo
703 810 773 894 ipso
795 810 1039 877 matrimonium
1061 809 1269 892 consisteret,
1300 808 1353 876 vel

87 909 301 977 renovandus
328 912 416 975 esset
441 927 615 978 cousensus
643 929 753 976 coram
775 911 922 978 Parocho
950 915 985 976 et
1006 911 1155 978 testibus
1199 910 1353 991 Plerique

88 1011 214 1077 Patres
248 1010 283 1076 in
315 1009 566 1094 congregatione
595 1010 765 1094 dixerunt,
800 1010 1024 1080 renovandum
1057 1029 1128 1078 esse
1162 1028 1354 1078 consensum

89 1130 206 1178 coram
232 1110 381 1178 Parocho
414 1115 449 1176 et
475 1109 630 1193 testibus,
659 1111 735 1193 qula
761 1111 939 1178 Concilium
967 1110 1195 1178 Tridentinum
1222 1109 1354 1178 videtur

88 1213 238 1278 locutum
261 1210 361 1278 fuisse
384 1210 423 1278 de
445 1210 651 1277 matrimonio
673 1211 817 1295 perfecto
840 1231 900 1295 per
919 1213 1022 1280 verba
1041 1211 1080 1276 de
1094 1211 1259 1295 praesenti,
1281 1229 1353 1278 cum

89 1311 268 1393 requisivit
289 1311 498 1394 praesentiam
513 1312 653 1378 Perochi
674 1312 710 1378 iu
732 1313 946 1380 matrimonio.
973 1313 1064 1396 Ergo
1087 1331 1160 1380 cum
1183 1311 1218 1377 in
1240 1312 1354 1378 matri·

89 1413 202 1479 monio
224 1413 284 1478 sub
306 1411 411 1478 forma
435 1412 655 1479 conditionata
668 1431 734 1479 non
750 1413 790 1479 de
805 1413 970 1496 prasenti,
991 1412 1049 1481 sed
1064 1412 1172 1495 potius
1188 1409 1352 1478 defuturo

87 1518 234 1598 agatur,
267 1513 442 1595 praesentia
470 1512 613 1580 Paroohi‘
639 1518 673 1579 et
699 1514 833 1580 testium
867 1513 987 1582 iterum
1019 1513 1198 1594 requiritur
1226 1511 1353 1594 quaudo

91 1633 270 1680 consensus
298 1613 337 1679 de
360 1611 470 1680 futuro
492 1612 531 1678 fit
553 1611 593 1680 de
615 1615 770 1697 praescnti
790 1633 850 1698 per
872 1614 1139 1680 ratihabitionem
1159 1613 1256 1696 primi
1280 1632 1353 1680 con-

91 1718 233 1780 tractus.
1032 1742 1035 1750 »

184 1814 251 1878 Res
275 1811 387 1878 delata
414 1817 465 1878 est
487 1813 518 1879 S.
541 1813 600 1879 Pio
623 1813 676 1897 V.,
707 1813 763 1896 qui
790 1813 881 1881 visus
909 1819 959 1878 est
986 1813 1127 1895 probare
1155 1814 1353 1880 sententiam

91 1913 356 1996 canonistarum,
389 1933 459 1996 quae
481 1919 572 1980 tenet
592 1913 769 1998 purificata
791 1913 991 1995 conditione,
1013 1931 1079 1977 nou
1101 1931 1172 1979 esse
1195 1931 1354 1979 renovan-

95 2016 175 2082 dum
196 2031 386 2080 consensum
409 2031 517 2082 coram
540 2015 697 2097 Parooho,
722 2033 783 2080 nec
806 2013 1027 2080 difficultatem
1050 2031 1091 2078 ex
1116 2012 1259 2079 Concilio
1283 2013 1354 2078 'Pri-

96 2113 232 2181 dentino
255 2113 297 2180 ad
320 2133 390 2180 rem
411 2113 530 2182 iacere.

186 2221 237 2292 13.
270 2215 413 2300 Quaestio
443 2215 562 2282 iterum
591 2215 758 2298 proposita
792 2219 843 2282 est
875 2215 910 2282 in
942 2215 973 2282 S.
1001 2215 1116 2298 Congr.
1146 2213 1293 2296 Concilii,
1322 2219 1356 2278 et

92 2318 216 2386 Patres
238 2333 359 2398 omnes,
381 2321 502 2398 praeter
525 2336 634 2399 unum,
657 2314 900 2381 canonistarum
922 2315 1094 2380 sententiae
1115 2313 1332 2380 adhaeserunt.

185 2415 353 2482 Resolutio
381 2416 489 2481 relata
517 2421 568 2482 est
596 2415 755 2482 Clementi
777 2414 886 2498 viii,
915 2415 971 2496 qui
998 2415 1088 2482 visus
1116 2420 1166 2479 est
1195 2413 1355 2494 dubitare,

96 2518 177 2599 quia
203 2516 281 2582 licet
307 2519 384 2582 ante
412 2516 640 2582 Tridentinum
669 2514 847 2582 Concilium
875 2515 1117 2581 matrimonium
1151 2517 1357 2580 contractum

94 2621 221 2698 absque
244 2617 312 2683 ulla
340 2616 548 2684 solemnitate
570 2617 743 2699 valuisset,
773 2621 806 2682 et
828 2615 963 2700 proinde
991 2619 1177 2683 contractus
1202 2613 1357 2682 conditio-

93 2725 198 2784 natus
227 2717 422 2784 adveniente
449 2715 632 2782 conditione
654 2721 776 2782 natura
798 2737 859 2783 sua
881 2716 1070 2783 transiisset
1093 2716 1127 2781 in
1151 2720 1357 2782 contractum

96 2839 218 2902 purum
247 2823 280 2884 et
309 2817 488 2899 simplicem
515 2817 601 2883 idest
628 2817 663 2883 in
695 2837 810 2886 verum
836 2818 1093 2900 matrimonium,
1121 2822 1232 2884 tamen
1256 2816 1354 2882 aliter

91 2919 275 2987 tenendum
298 2937 369 2984 esse
391 2917 574 3002 videbatur,
596 2923 669 3002 post
688 2919 856 2985 inductam
877 2919 1016 2986 formam
1038 2921 1225 2984 contractus
1248 2917 1355 2998 coniu-

95 3021 187 3105 galis
209 3039 268 3103 per
290 3019 517 3086 Tridentinum
540 3018 723 3085 Concilium.
767 3019 851 3084 Nam
877 3037 918 3082 ex
941 3039 1006 3084 una
1032 3021 1128 3102 parte
1155 3021 1281 3082 certum
1304 3018 1356 3080 est
1412 3075 1417 3091 ,

96 3121 226 3201 requiri
249 3120 387 3187 formam
413 3117 639 3186 Tridentinam
661 3117 697 3182 iu
723 3117 942 3201 matrimonio,
969 3137 1010 3184 ex
1039 3118 1146 3182 altera
1170 3121 1265 3199 parte
1291 3133 1356 3181 non

97 3221 236 3289 videtur
262 3239 354 3304 posse
385 3219 513 3288 attendi
545 3218 651 3285 forma
684 3217 835 3283 solemnis
868 3216 1015 3284 adhibita
1051 3219 1092 3284 ab
1120 3215 1223 3282 initio.
1250 3215 1354 3282 -Sane

93 3322 232 3404 quando
252 3322 416 3388 receditur
436 3342 457 3388 a
479 3319 675 3400 conditione,
704 3317 795 3384 nulla
818 3317 1007 3384 solemnitas
1030 3317 1221 3402 adhibetur,
1245 3317 1355 3398 aliqua

98 3429 214 3490 autem
244 3419 428 3488 adhibenda
460 3425 547 3486 esset
576 3419 763 3486 solemnitas
797 3419 832 3484 iu
865 3419 1061 3485 resolutione
1095 3422 1297 3499 contractus,
1329 3419 1359 3484 si

96 3528 215 3608 partes
244 3523 397 3605 ouug'etae
432 3515 645 3588 censerentur
669 3519 877 3586 solemnitate
906 3517 1053 3584 adhibita
1077 3518 1113 3584 in
1141 3517 1359 3584 celebratione

96 3622 301 3690 matrimonii
335 3621 552 3688 conditionali.
597 3620 651 3686 Ex
683 3619 745 3686 hac
777 3617 1058 3686 animadversione
1092 3618 1267 3686 videbatur
1294 3635 1360 3682 nou

92 3741 177 3790 esse
202 3723 376 3805 sufficiens,
402 3723 492 3805 prior
522 3740 709 3804 consensus,
737 3720 795 3786 sed
824 3739 927 3788 novus
954 3719 1157 3786 necessarius
1184 3718 1360 3784 videbatur

96 3828 223 3893 iterum
250 3843 360 3890 coram
386 3824 548 3905 Parooho,
579 3825 613 3887 et
640 3821 781 3887 testibus
803 3818 1046 3902 exprimendus,
1068 3825 1220 3902 respectu
1238 3817 1359 3899 habito,

90 3928 145 3994 ad
169 3926 202 3992 id
226 3924 311 4006 quod
334 3925 421 3991 circa
444 3921 644 3990 matrimonii
665 3920 805 3987 formam
828 3920 921 3985 Couc
937 3919 1164 3986 Tridentiuum
1187 3921 1360 3984 statuerat.

195 4031 244 4093 14.
266 4027 369 4092 Sacra
384 4031 493 4092 autem
505 4021 721 4106 Congregatio
737 4019 892 4103 advertit,
914 4038 979 4086 non
993 4018 1157 4086 verificari
1175 4018 1361 4101 paritatem,

95 4129 193 4214 inter
216 4141 326 4194 casum
348 4145 409 4207 quo
431 4123 595 4192 receditur
618 4139 639 4186 a
657 4121 841 4188 conditione
863 4120 985 4204 posita,
1015 4125 1048 4186 et
1071 4139 1180 4186 casum
1205 4137 1267 4200 quo
1289 4137 1362 4186 con-

94 4228 186 4296 ditio
204 4228 363 4311 expletur.
395 4226 436 4291 In
451 4225 512 4290 hoc
525 4223 612 4290 enim
624 4221 762 4288 secundo
778 4239 857 4288 casu
871 4219 1077 4301 solummodo,
1095 4221 1192 4303 J'unta
1208 4224 1361 4286 naturam

93 4332 301 4411 contractus,
324 4325 415 4409 prior
435 4325 627 4390 solemnitas
648 4323 833 4406 prasentia
853 4321 1002 4402 Parochi,
1025 4326 1059 4387 et
1081 4321 1215 4388 testium
1229 4321 1265 4388 in
1280 4321 1363 4386 cele·

96 4429 255 4498 bratione
287 4425 489 4493 matrimonii
517 4431 668 4492 censetur
695 4423 819 4490 virtute
847 4441 906 4488 sua
934 4438 1162 4503 perseverare,
1196 4417 1363 4500 usquead
