3186 5296
322 472 385 514 ΤΙΤ.
396 472 451 514 xl'.
471 471 514 514 llll
527 470 672 514 rmcnnns
685 471 727 514 ΕΤ
740 471 976 514 Mananncnnnna
988 472 1057 516 ETO.
1254 459 1316 518 159

84 625 229 706 mendam,
256 624 327 690 finis
355 620 539 705 imponetur
562 623 788 706 probationum
812 625 1006 707 collectioni,
1036 633 1069 690 et
1097 625 1318 709 publicabitur

82 745 242 810 processus
266 725 350 791 edito
373 743 471 807 super
493 727 553 792 hoc
575 727 705 790 decreto
729 745 749 790 a
772 713 904 808 ludica,
924 725 1085 806 factisque
1107 725 1317 808 subscriptio-

82 828 162 892 nibus
191 828 232 891 ab
265 844 316 908 eo,
350 846 369 890 a
398 825 576 890 Defensnre
604 823 820 906 Matrimonii,
860 832 893 890 et
928 845 948 889 a
979 825 1188 890 Cancellario.
1240 825 1317 890 Haec

83 925 214 992 habenda
238 926 412 991 methodus

154 1044 203 1104 49.
237 1038 378 1121 Quaerin
401 1038 484 1104 actis
507 1039 730 1120 continentur,
758 1037 879 1104 nemini
907 1057 966 1103 nec
992 1039 1071 1120 ipsis
1094 1038 1221 1118 quidem
1245 1057 1317 1104 con·
1446 1069 1452 1078 ·
1575 1017 1577 1080 5

77 1140 202 1224 jugibus,
217 1158 391 1220 eorumque
405 1137 639 1204 Defensoribns
658 1146 755 1205 erunt
768 1137 1034 1204 communicanda
1050 1143 1127 1204 ante
1145 1157 1315 1221 processus

81 1239 331 1322 publicationem,
370 1257 433 1304 uno
473 1245 609 1320 excepto
649 1238 827 1304 Defensor-e
865 1239 1079 1320 Matrimonii,
1120 1239 1170 1304 cui
1212 1241 1315 1305 libera

79 1359 191 1422 semper
212 1347 246 1405 e't
270 1339 534 1420 quandocumque
557 1339 621 1404 erit
642 1343 788 1404 actorum
811 1339 969 1420 inspectio
992 1343 1025 1404 et
1047 1359 1192 1404 examen.

153 1459 255 1524 Locus
281 1457 395 1524 deinde
429 1460 493 1524 erit
516 1458 763 1524 defensionibus.
808 1459 963 1524 Liberum
988 1459 1087 1524 etiam
1112 1459 1175 1524 erit
1197 1458 1316 1524 Defen-

78 1559 133 1622 sori
159 1559 356 1624 matrimonii
388 1565 461 1641 post
488 1577 657 1642 processus
690 1559 939 1641 publicationem
975 1579 1078 1626 novas
1108 1559 1316 1642 probationes

78 1657 242 1741 exquirere,
264 1677 336 1724 curn
359 1667 439 1741 agat
460 1657 574 1726 favore
595 1660 812 1741 Sacramenti,
836 1665 869 1724 et
889 1679 1064 1740 numquam
1087 1661 1164 1726 bina
1187 1666 1316 1725 senten-

77 1758 115 1822 tia
141 1757 302 1824 nullitatis
331 1757 503 1824 conformis
531 1765 682 1826 transeat
708 1760 742 1824 in
768 1779 836 1826 rem
862 1761 1058 1844 Judicatam,
1092 1781 1131 1826 ac
1157 1761 1316 1826 reassumi

76 1877 162 1924 cansa
189 1859 294 1941 possit
325 1857 424 1924 etiarn
452 1865 525 1942 post
555 1859 656 1926 initas
684 1879 787 1926 novas
818 1862 950 1944 nuptias
979 1881 999 1926 a
1030 1861 1192 1942 partibus
1219 1863 1327 1956 juxta¹
1432 1875 1437 1886 ·

77 1958 326 2024 constitutionem
345 1957 462 2040 saepius
487 1958 623 2024 citatam
649 1955 695 2028 ‘D

151 2075 308 2142 Omnibus
331 2075 487 2141 absolutis
519 2081 553 2140 et
577 2097 649 2143 curn
669 2077 716 2142 nil
739 2077 877 2159 amplius
906 2077 1125 2144 deducendum
1154 2078 1316 2144 censuerit

76 2175 221 2242 Defensor
243 2175 456 2258 Matrimonii,
480 2177 676 2243 sententiam
698 2176 843 2260 proferet
865 2177 1051 2260 Episcopus.

153 2301 198 2362 50.
235 2295 272 2360 Si
295 2295 364 2360 haec
386 2294 588 2360 Matrimonii
610 2296 745 2360 nullitas
769 2295 900 2360 decreta
922 2295 1032 2375 fuerit,
1048 2295 1178 2360 debebit
1196 2295 1315 2362 Defen-

75 2413 121 2458 sor
141 2395 340 2461 Matrimonii
363 2397 532 2478 appellare
549 2397 647 2479 juxta
669 2395 805 2462 citatam
829 2396 1115 2474 dementationem,
1144 2413 1204 2460 nec
1226 2400 1314 2478 pote-

76 2501 143 2561 runt
168 2497 323 2579 conjuges
353 2494 395 2562 ad
424 2495 491 2560 alia
518 2499 597 2560 vota
624 2495 782 2578 transire,
810 2496 872 2561 nisi
895 2503 969 2578 post
991 2499 1159 2561 obtentam
1179 2497 1317 2560 alteram

74 2597 261 2662 sententiam
277 2594 472 2662 conformem
495 2613 593 2678 super
613 2595 775 2676 nullitate,
791 2598 850 2662 sub
873 2595 976 2678 premis
991 2599 1106 2662 contra
1129 2595 1316 2678 polygamos

74 2695 250 2764 constitutis
273 2695 308 2761 in
331 2696 433 2761 citata
456 2694 692 2761 Constitutione
710 2693 789 2764 ‘Dee'
802 2694 1039 2764 miserotloae’.
1062 2695 1187 2761 Deinde
1209 2699 1317 2760 trans-

76 2795 221 2862 mittenda
245 2800 321 2860 snut
345 2800 421 2860 acta
443 2795 485 2859 ab
508 2793 668 2875 Episcopo
690 2793 733 2858 ad
756 2795 913 2876 Judicenn,
930 2795 971 2860 ad
994 2815 1088 2876 quem
1107 2799 1316 2878 provocatum

72 2895 138 2976 tur,
168 2896 200 2962 in
230 2895 326 2978 copia
354 2895 557 2975 anthentica,
589 2894 696 2958 soluta
724 2912 782 2975 per
810 2899 938 2975 partem
967 2895 1205 2976 diligentiorem
1235 2913 1317 2960 com·

75 2999 176 3074 petent
197 2994 348 3060 mercede
370 2992 580 3060 Cancellario.

152 3115 199 3174 51.
211 3109 375 3189 Haecquae
385 3107 524 3172 diximus
536 3106 716 3172 communia
729 3113 765 3171 ut
777 3105 951 3188 plurimum
963 3113 1040 3172 sunt
1051 3109 1198 3174 omnibus
1212 3109 1317 3174 naumis

75 3209 365 3276 matrimonialibus.
398 3211 438 3274 In
454 3207 560 3290 specie
576 3214 686 3274 autem
705 3207 810 3273 relate
832 3207 875 3272 ad
893 3225 1009 3272 causas
1024 3208 1185 3274 nullitatis
1205 3209 1316 3274 matri-

75 3309 161 3374 monii
196 3327 239 3374 ex
272 3308 379 3390 capite
406 3306 606 3390 impotentiae
628 3307 953 3374 animadvertendum
983 3311 1034 3372 est
1061 3308 1317 3390 experimentum

73 3409 233 3490 triennale,
259 3408 342 3488 quod
361 3409 435 3492 jure
458 3406 679 3472 Decretalium
703 3425 803 3488 usque
824 3428 864 3472 ac
885 3412 1033 3489 tempora
1055 3408 1148 3472 nobis
1169 3410 1318 3490 proxima

75 3506 184 3574 inusu
212 3507 293 3588 fuit,
322 3507 478 3573 hodierna
504 3505 674 3589 disciplina
701 3507 736 3572 in
764 3526 824 3573 usu
853 3508 991 3589 amplius
1020 3525 1084 3571 non
1107 3525 1191 3588 esse,
1221 3513 1254 3573 et
1282 3513 1319 3572 ut

75 3606 262 3690 pragmatici
284 3607 473 3688 loquuntur,
497 3608 539 3671 ab
562 3607 639 3672 aula
662 3609 841 3673 recessisse.
880 3609 1052 3690 Cognitum
1076 3607 1161 3672 enim
1183 3612 1318 3674 estnon

75 3708 202 3790 amplius
235 3705 495 3790 experimentum
522 3705 583 3772 hoc
612 3707 778 3790 expedire,
808 3709 989 3789 praesertim
1019 3708 1096 3787 quia
1127 3710 1167 3772 ob
1196 3708 1317 3773 malam

74 3805 160 3873 fidem
182 3807 340 3891 apparuit
361 3806 442 3872 illud
462 3825 526 3871 non
550 3809 688 3890 amplius
711 3825 781 3874 esse
805 3807 944 3874 medium
966 3809 1137 3874 honestum
1160 3812 1193 3872 et
1216 3807 1303 3872 utile.

152 3931 240 3996 Sane
262 3930 403 4014 contigit*
420 3935 456 3995 ut
479 3931 593 4015 conjux
616 3929 671 4011 qui
694 3932 869 3996 accusabat
892 3929 1117 4012 impotentiam
1138 3929 1320 4008 relativam,

74 4027 232 4096 libidinem
256 4027 328 4096 curn
352 4031 417 4096 alia
440 4048 579 4112 persona
603 4029 757 4112 expleret,
774 4035 949 4110 antequam
973 4030 1014 4095 ad
1037 4049 1129 4095 suum
1153 4031 1321 4113 conjugem

75 4131 244 4198 accederet.
295 4133 404 4215 Quare
432 4131 610 4197 adomnia
640 4131 842 4196 incommoda
872 4131 1025 4210 vitanda,
1056 4131 1124 4196 haec
1150 4128 1262 4211 praxis
1287 4129 1321 4194 im

74 4227 100 4294 S.
131 4233 391 4316 congregatione
425 4231 561 4298 Concilii
602 4232 734 4297 inducta
768 4237 826 4297 est.
882 4230 1018 4314 Quando
1059 4230 1175 4296 solutio
1208 4230 1321 4295 matri·

75 4331 165 4396 monii
197 4333 381 4418 exposcitur
415 4351 454 4398 ex
488 4333 594 4415 capite
627 4333 827 4414 impotentiae
862 4333 923 4398 duo
951 4337 1176 4414 proponuntur
1210 4330 1322 4396 dubia:

76 4433 114 4493 1⁰.
145 4432 198 4496 An
222 4437 347 4498 constet
367 4434 407 4498 de
430 4432 628 4498 matrimonii
648 4433 802 4498 nullitate
824 4453 864 4498 ex
888 4431 993 4513 capite
1017 4429 1238 4514 impotentiae?
1276 4431 1323 4495 nt
