3186 5296
209 479 272 522 TIT.
285 480 315 522 V.
335 480 380 523 DE
392 479 648 526 countriournrs
660 481 828 528 APPOSITIS
840 481 877 526 m
889 479 1158 526 DESPONSATIONE
1170 481 1240 526 ETC.
1287 467 1349 528 105

182 633 269 700 Hinc
292 634 326 700 in
349 654 385 700 re
404 641 528 718 nostra,
552 636 703 717 quoniam
726 638 780 720 qui
802 635 895 720 ponit
917 635 1132 702 conditionem
1147 641 1276 718 turpem
1296 637 1351 705 vel

92 735 327 818 impossibilem
348 734 383 800 in
406 735 620 819 matrimonio,
643 737 802 804 incertum
826 743 876 804 est
896 743 1005 804 utrum
1026 737 1110 803 serio
1133 755 1189 804 eas
1204 737 1351 820 posuerit

92 835 146 900 vel
169 853 246 916 non,
267 835 321 900 lex
332 833 404 917 ipsa
419 837 658 919 interpretatur
669 839 872 906 voluntatem
887 839 1160 920 contrahentium,
1182 843 1215 904 et
1231 837 1352 904 statuit

93 936 180 1002 hanc
201 933 303 1002 hrisse
330 937 490 1002 sinceram
517 936 660 1020 qr1idern,
687 942 721 1004 et
748 937 1001 1004 determinatam
1031 937 1072 1004 ad
1095 936 1350 1005 contrahendum

94 1035 348 1119 matrimonium,
369 1055 435 1102 non
454 1041 563 1103 autern
586 1037 707 1104 seriam
727 1038 827 1106 fuisse
849 1039 954 1104 relate
979 1038 1021 1104 ad
1041 1037 1263 1106 conditionem.

183 1137 518 1205 Animadvertendum
541 1158 619 1206 vero
645 1147 696 1206 est
717 1141 785 1206 haec
806 1137 914 1204 omnia
941 1139 1114 1222 procedere
1136 1159 1176 1204 ex
1197 1159 1350 1222 praesum-

94 1237 206 1319 ptionc
237 1238 318 1320 legis
349 1239 398 1304 ita
426 1239 677 1323 interpretantis
709 1242 912 1308 voluntatem
940 1240 1210 1307 contrahentium.
1256 1241 1351 1307 Hanc

95 1344 206 1406 autem
229 1339 512 1421 praeumptionem
535 1341 622 1407 haud
645 1360 715 1408 esse
734 1341 820 1426 Juris
843 1347 877 1408 et
900 1339 1045 1424 dejure,
1072 1340 1129 1406 sed
1153 1359 1224 1406 esse
1246 1341 1350 1408 solum

91 1437 192 1520 juriS,
223 1457 294 1518 qna
321 1437 456 1520 proinde
483 1441 707 1522 probationem
734 1441 768 1507 in
794 1439 957 1508 contrario
984 1460 1081 1508 sensu
1109 1461 1173 1507 non
1200 1440 1351 1508 excludit

96 1541 136 1606 ld
166 1545 216 1606 est
244 1539 271 1605 si
300 1544 415 1621 pateat
437 1559 626 1606 consensum
654 1541 755 1608 fuisse
785 1543 959 1626 alligatum
986 1541 1075 1625 turpi
1098 1541 1272 1608 conditioni
1294 1547 1353 1608 aut

96 1641 294 1724 impossibili,
317 1643 357 1706 ob
380 1659 444 1706 non
466 1639 671 1708 verificatam
695 1643 916 1725 conditionem,
939 1643 1189 1724 matrimonium,
1212 1641 1296 1722 quod
1317 1641 1352 1708 in

96 1761 253 1808 consensu
275 1742 433 1824 consistit,
454 1761 518 1808 non
540 1741 728 1810 sustinetur.

185 1849 235 1908 18.
263 1841 347 1926 Quid
379 1861 456 1910 vero
486 1842 515 1908 si
545 1843 743 1910 conditiones
772 1843 970 1929 adjiciantur
1000 1843 1205 1926 matrimonio
1239 1847 1355 1908 contra

95 1941 314 2008 substantiam
338 1939 503 2026 eJusdem?

184 2043 224 2108 In
259 2041 371 2108 eodem
399 2062 468 2126 cap.
496 2043 553 2108 ult
580 2043 655 2107 ht
684 2043 862 2128 Gregorius
885 2043 944 2108 IX.
973 2043 1076 2109 tradit
1110 2043 1351 2110 matrimonium

98 2160 176 2210 esse*
187 2143 321 2209 nullum.
359 2143 443 2208 Hinc
458 2143 616 2208 Doctores
640 2141 762 2226 dicunt,
778 2143 977 2210 conditiones
999 2147 1115 2209 contra
1130 2143 1351 2209 substantiam

96 2243 296 2310 matrimonii
323 2243 444 2310 vitiare
472 2241 713 2310 matrimonium
741 2249 775 2310 et
796 2264 861 2310 non
884 2243 1004 2310 vitiare
1026 2244 1159 2328 seipsas.
1196 2244 1354 2328 Quamvis

97 2345 182 2411 enim
210 2363 311 2410 causa
339 2343 535 2409 matrimonii
564 2343 609 2409 sit
635 2344 776 2410 maxime
804 2344 1007 2426 favorabilis,
1036 2345 1116 2410 adeo
1143 2345 1232 2411 utin
1256 2344 1355 2412 dubio

95 2449 203 2534 ipsum
222 2447 276 2530 jus
299 2445 537 2527 interpretetur
559 2443 690 2510 dubium
712 2463 771 2526 pro
793 2445 904 2511 valore
920 2444 1129 2526 matrimonii,
1154 2451 1264 2510 tamen
1283 2445 1355 2527 ipse

96 2541 193 2614 favor
215 2545 340 2612 efficere
361 2544 482 2628 nequit,
505 2549 542 2611 ut
563 2550 764 2626 supponatur
783 2545 924 2610 existere
947 2549 1150 2611 contractum
1165 2544 1220 2611 ubi
1234 2563 1354 2612 revera

99 2655 133 2712 et
157 2651 247 2712 certo
270 2664 332 2712 non
357 2645 476 2711 existit.
510 2645 601 2710 idest
622 2645 675 2710 lex
699 2649 807 2729 potest
826 2646 1041 2729 interpretari
1063 2646 1276 2728 voluntatem,
1298 2645 1353 2712 uhi

100 2747 187 2814 adsit
215 2746 389 2828 dubitatio,
415 2763 479 2810 non
506 2749 749 2827 potestantem
778 2747 980 2813 voluntatem
1008 2767 1048 2812 ex
1075 2747 1204 2830 integro
1230 2745 1356 2830 fingere

98 2855 132 2914 et
156 2865 278 2928 creare,
300 2845 355 2912 uhi
377 2865 440 2912 non
462 2844 555 2912 adem
577 2865 718 2928 prorsus.

186 2947 343 3013 Jamvero
365 2945 493 3026 quando
517 2945 699 3012 contractui
722 2946 921 3012 matrimonii
944 2947 1096 3030 adjicitur
1118 2947 1256 3014 conditio
1279 2966 1354 3012 con-

97 3055 155 3113 tra
177 3046 395 3114 substantiam
417 3047 500 3130 cjue,
526 3051 714 3113 contractus
736 3065 800 3113 non
824 3047 950 3130 existit,
978 3067 1056 3114 nam
1078 3065 1141 3114 non
1164 3046 1277 3114 existit
1298 3067 1357 3114 vo-

97 3151 213 3215 luntas
242 3145 459 3214 contrahendi.
508 3145 571 3229 Qui
601 3146 686 3212 enim
719 3147 793 3214 vult
827 3146 949 3227 aliquid
983 3153 1098 3215 contra
1134 3147 1354 3214 substantiam

98 3255 296 3330 contractor,
322 3266 385 3314 non
413 3247 486 3312 vult
513 3247 720 3312 contrahere:
750 3255 901 3315 censetur
929 3249 1016 3314 enim
1044 3248 1079 3314 in
1102 3253 1210 3313 mente
1233 3249 1354 3314 hahere

95 3352 261 3435 objectum
282 3353 352 3414 toto
375 3348 455 3414 coelo
479 3346 642 3414 diversum
667 3350 708 3413 ab
733 3367 770 3414 eo
790 3348 984 3430 circa'quod
1000 3367 1190 3415 consensum
1210 3348 1355 3414 exterius

94 3451 261 3533 exprimit.
305 3450 397 3534 Ergo
418 3451 451 3516 in
474 3449 661 3532 hypothesi,
687 3448 779 3514 deest
802 3467 918 3532 reapse
942 3467 1131 3529 consensus,
1157 3469 1199 3514 ac
1219 3449 1353 3530 proinde

93 3551 340 3618 matrimonium
360 3569 425 3616 non
445 3551 544 3618 valet.
1135 3559 1140 3566 '

189 3657 239 3716 19.
260 3651 425 3735 Quaeritur
454 3669 496 3718 an
529 3649 668 3716 conditio
696 3650 755 3716 illa
779 3649 829 3720 ‘St'
849 3649 979 3740 prolem
1001 3647 1125 3734 erues,
1156 3648 1200 3713 sit
1228 3667 1359 3730 semper

92 3756 215 3818 contra
236 3751 455 3818 substantiam
478 3750 687 3832 matrimonii,
710 3754 745 3815 et
765 3750 845 3817 illud
868 3749 986 3817 reddat
1008 3749 1141 3816 nullum.

186 3851 266 3916 Haec
294 3851 434 3917 conditio
463 3851 496 3917 in
526 3851 685 3934 duplicem
715 3851 815 3919 aliam
843 3851 1056 3918 conditionem
1085 3851 1205 3918 resolvi
1232 3856 1356 3933 potest;

92 3953 140 4019 1⁰.
167 3951 196 4017 si
219 3951 342 4034 prolem
371 3951 473 4018 evites
500 3971 559 4035 per
581 3951 673 4018 nefas
703 3971 751 4017 ex.
774 3972 823 4035 gr.
845 3970 904 4035 per
926 3951 1187 4034 procurationem
1210 3953 1354 4033 abortus,

86 4053 148 4120 vel
174 4071 234 4136 per
256 4052 378 4119 crimen
401 4052 574 4132 onanismi;
595 4055 640 4118 2⁰.
665 4051 693 4118 si
716 4053 841 4136 prolem
861 4052 965 4118 evites
985 4050 1145 4117 servando
1161 4051 1360 4118 castitatem.

86 4153 196 4222 Prior
219 4153 360 4220 conditio
383 4157 434 4219 est
456 4171 584 4235 semper
606 4151 712 4235 turpis
732 4159 766 4218 et
788 4152 927 4220 adversa
943 4149 1136 4218 substantiae
1149 4151 1358 4234 matrimonii,

85 4263 126 4323 et
151 4273 215 4337 per
237 4271 436 4334 consequens
458 4251 701 4318 matrimonium
721 4253 844 4320 nullum
867 4252 984 4318 reddit.

186 4361 238 4421 20.
262 4353 412 4421 Secunda
433 4351 574 4419 conditio
596 4353 735 4418 honesto
758 4361 816 4419 est.
856 4353 987 4432 Verum,
1011 4357 1103 4418 estne
1124 4350 1263 4418 conditio
1286 4353 1360 4417 haec

83 4463 213 4526 contra
234 4454 453 4522 substantiam
478 4449 717 4518 matrimonii?¹
