3186 5296
411 379 474 423 uxr.
487 379 568 423 xvn.
587 379 646 434 our
657 380 740 424 nunu
752 379 826 424 smu
838 379 1000 426 nnomrnrr.
1271 365 1332 424 165

173 541 200 599 6.
233 532 297 598 Alii
328 533 489 616 illegitimi
512 535 663 616 dicuutur
689 553 729 599 ex
754 535 836 600 Jure
859 535 955 601 Civili
982 533 1107 622 spurii,
1136 533 1253 615 quique
1280 535 1332 601 vel

93 633 282 722 ‹poam'tiJeI
303 632 399 702 moliri
426 637 525 718 vulgo
554 635 713 700 dicuntur.
758 635 802 700 Hi
830 639 907 700 sunt
940 635 994 716 qui
1021 635 1181 701 incertum
1210 635 1332 700 hahent

93 739 224 816 patrem,
251 739 285 799 et
311 735 444 816 proinde
472 735 544 801 uati
570 740 647 800 suut
679 753 719 800 ex
750 735 929 801 meretrice.
962 735 982 804 l.
1009 737 1062 806 33.
1083 733 1125 822 ff
1158 731 1214 803 Dc
1241 739 1332 803 stolo

93 834 262 903 lominum.
309 837 392 902 June
417 843 526 904 autern
556 836 715 903 canonico
745 838 806 903 sub
834 855 955 920 genere
984 823 1166 920 spuriorum
1195 835 1333 901 veniunt

92 933 144 999 dlii
158 933 227 999 nati
251 953 291 1000 ex
314 936 505 1017 parentibus
526 935 614 1001 inter
629 953 707 1016 quos
722 953 827 1016 neque
842 937 961 1002 saltem
983 919 1128 1019 ternpore
1146 935 1332 1002 nativitatis

93 1041 212 1117 poterat
242 1036 483 1102 matrimonium
510 1037 696 1102 consistere.
744 1037 830 1102 Hinc
844 1055 960 1120 genus
987 1035 1169 1121 hujusmodi
1191 1053 1332 1118 compre-

94 1135 197 1200 hendit
225 1135 327 1202 etiam
357 1133 440 1202 filios
466 1141 562 1202 natos
589 1155 629 1202 ex
657 1135 812 1202 damnato
835 1136 936 1218 coitu,
964 1154 1100 1216 quorum
1124 1135 1180 1202 alii
1203 1134 1332 1204 adulte-

91 1235 155 1302 m'ai
175 1237 385 1318 appellantur
407 1237 461 1317 ouri
488 1255 604 1319 nempe
632 1253 672 1302 ex
695 1236 858 1302 adulterio
881 1242 1072 1316 nascuntur;
1103 1236 1160 1302 alii
1182 1234 1332 1302 dicuntur

93 1334 274 1422 incestuosi,
303 1354 438 1416 quorum
463 1354 579 1418 nempe
604 1340 759 1418 parentes
785 1337 933 1420 ligentur
955 1337 1083 1404 vinculo
1108 1337 1332 1419 consanguini-

91 1435 162 1501 tatis
183 1436 237 1502 vel
257 1435 426 1504 affinitatis
453 1437 486 1502 in
512 1437 600 1503 linea
622 1437 769 1519 obliqua,
801 1439 854 1504 vel
877 1439 1006 1505 uinculo
1035 1437 1171 1504 alterius
1199 1437 1332 1520 impedi-

92 1536 183 1600 menti
212 1537 407 1617 dirimentis,
435 1535 494 1602 alii
516 1533 648 1622 mosomi
670 1537 891 1620 appellantur,
920 1556 1053 1618 quorum
1076 1543 1231 1620 parentes
1259 1555 1331 1603 con-

92 1637 250 1719 sanguinei
274 1641 351 1704 suut
370 1637 424 1703 vel
444 1636 555 1702 affines
582 1636 616 1702 iu
639 1637 726 1702 linea
748 1643 853 1718 recta3
877 1639 934 1704 alii
956 1637 1125 1724 sacrilegi,
1139 1637 1195 1718 qui
1216 1655 1332 1720 nempe

92 1737 153 1802 uati
176 1745 253 1803 sunt
280 1758 321 1804 ex
344 1737 521 1821 Religioso,
549 1739 603 1802 vel
626 1737 774 1818 Moniali,
803 1739 855 1804 vel
879 1738 1003 1804 Clerico
1031 1738 1064 1803 iu
1088 1738 1193 1804 sacris
1214 1737 1332 1803 ordini-

92 1838 143 1902 bus
165 1837 348 1902 constituto.
1300 1891 1308 1904 .

171 1941 197 2000 7.
231 1935 456 2019 Illegitimitas
490 1937 644 2018 exprimit
673 1936 833 2005 defectum
857 1937 1031 2022 juridicum
1060 1955 1223 2019 personae,
1255 1936 1332 2016 quia

90 2037 136 2118 jus
161 2036 346 2102 considerat
374 2054 544 2118 personam
579 2036 672 2117 quasi
702 2037 898 2103 maculatam
926 2038 1022 2120 culpa
1054 2037 1126 2120 ipsa
1150 2041 1332 2119 parentum.

92 2136 209 2202 Sodicet
230 2135 292 2202 filii
314 2136 493 2220 illegitimi,
521 2155 630 2205 coram
655 2136 825 2219 societate,
854 2137 1002 2204 referunt
1024 2137 1153 2220 siguum
1177 2143 1211 2203 et
1232 2157 1332 2218 quan·

92 2235 157 2302 dam
184 2237 362 2320 imaginem
400 2235 645 2302 incontinentia
673 2244 861 2318 parentum,
895 2239 987 2320 cuius
1013 2237 1100 2320 vitii,
1129 2238 1332 2320 experientia

93 2343 176 2419 teste,
197 2356 262 2403 non
286 2356 363 2402 raro
384 2336 566 2402 imitatores
589 2335 680 2402 fiunt.

169 2437 214 2502 At
244 2437 397 2518 quoniam
425 2435 569 2500 defectus
598 2455 638 2501 ex
665 2436 830 2502 natalibus
859 2441 909 2500 est
931 2437 1104 2520 Jum'dicus,
1131 2455 1195 2500 nou
1222 2441 1329 2500 autem

94 2537 209 2619 inipso
230 2555 372 2620 persona
394 2537 530 2602 realiter
553 2537 711 2618 existens,
738 2536 813 2602 hinc
841 2539 883 2602 ab
905 2536 974 2619 ipso
992 2539 1067 2622 Jure
1089 2537 1253 2604 invectum
1282 2543 1332 2602 est

95 2638 258 2704 remedium
269 2637 523 2721 legitimationis
552 2639 631 2703 Haec
647 2637 841 2721 legitimatio
853 2638 1000 2720 pluribus
1012 2637 1114 2703 modis
1132 2635 1203 2702 lieri
1216 2641 1332 2719 potest.

170 2745 197 2804 8.
229 2739 362 2828 Primus
377 2737 488 2804 modus
512 2741 563 2804 est
584 2757 643 2820 per
657 2736 858 2825 subsequens
878 2737 1134 2806 matrimonium
1148 2737 1235 2803 inter
1258 2756 1331 2822 par·

94 2844 174 2906 entes
192 2840 251 2906 filii
274 2839 445 2923 illegitimi.
490 2841 544 2904 Ita
566 2839 993 2921 induplicatae.
1037 2839 1084 2906 Et
1107 2839 1235 2919 quidem
1259 2857 1331 2905 con·

96 2945 193 3022 ceptus
216 2941 377 3026 J'um'dicus
405 2941 499 3025 hujus
529 2939 788 3022 legitimationis,
810 2940 908 3023 juxta
935 2939 1108 3020 Doctores,
1135 2944 1186 3005 est
1215 2943 1252 3005 ut
1273 2958 1331 3021 per

93 3039 243 3108 fictionem
269 3041 355 3124 juris
381 3041 626 3106 retrotrahatur
654 3039 894 3105 matrimonium
923 3039 965 3104 ad
987 3045 1131 3121 tempuS,
1160 3057 1222 3118 quo
1246 3037 1331 3104 filius

94 3141 139 3205 vel
159 3146 331 3226 conceptus
354 3141 407 3206 val
430 3141 547 3206 saltem
570 3143 668 3204 natus
688 3145 747 3206 est.
784 3140 893 3224 Quare
916 3159 974 3222 per
997 3142 1196 3220 subsequens
1220 3139 1331 3204 matri-

94 3240 224 3306 monium
247 3239 476 3324 legitimantnr
504 3257 612 3304 omnes
642 3243 675 3304 et
701 3239 761 3304 soli
789 3238 848 3304 filii
873 3239 1037 3323 illegitimi
1060 3241 1243 3320 naturales
1267 3258 1331 3304 non

97 3345 192 3407 autem
219 3341 336 3424 spurii,
367 3343 594 3425 cujuscumque
622 3339 690 3404 sint
717 3338 844 3421 speciei.
889 3339 950 3405 oio.
981 3341 1057 3422 Cap.
1085 3345 1113 3405 6.
1141 3341 1171 3404 h.
1194 3344 1217 3403 t.
1261 3340 1331 3404 Non

95 3441 170 3506 euim
191 3461 248 3524 per
270 3441 434 3508 fictionem
450 3439 534 3526 juris
557 3439 692 3522 supponi
714 3443 822 3522 potest
845 3441 1095 3522 matrimonium,
1119 3459 1155 3504 eo
1178 3443 1333 3520 tempore,

96 3559 193 3619 quoa
227 3544 303 3626 lege
328 3541 484 3608 irritante
518 3540 759 3607 matrimonium
793 3542 1037 3624 prohibebatur.
1089 3542 1136 3605 At
1164 3539 1333 3606 naturales

97 3641 213 3719 quidem
240 3643 404 3727 illegitimi
433 3642 667 3724 legitimautur.
717 3641 764 3707 nt
798 3643 867 3708 haec
895 3641 1023 3722 quidem
1054 3639 1212 3706 conclusio
1240 3639 1333 3704 valet

97 3737 164 3806 licet
182 3742 422 3808 matrimonium
445 3740 489 3806 sit
511 3741 707 3807 solummodo
731 3746 853 3822 ratum,
880 3742 958 3808 licet
980 3741 1192 3806 contrahatur
1212 3759 1232 3804 a
1255 3757 1332 3804 seno

97 3840 142 3904 vel
154 3841 288 3925 infirmo,
308 3843 342 3907 in
357 3841 534 3907 remedium
550 3841 764 3923 conscientiae,
779 3841 855 3921 quia
869 3860 997 3924 semper
1018 3845 1068 3908 est
1083 3839 1332 3905 matrimonium.

174 3948 201 4008 9.
234 3940 497 4010 controvertitur
519 3941 607 4006 inter
628 3941 793 4022 Doctores,
814 3945 923 4008 utrum
947 3940 1140 4024 legitimatio
1163 3937 1262 4021 prolis
1284 3957 1332 4003 se-

99 4045 204 4116 quatur
240 4061 280 4106 ex
315 4039 520 4106 matrimonio
549 4059 614 4105 non
641 4059 718 4106 vero
747 4039 803 4105 sed
828 4041 992 4124 putativo,
1025 4041 1107 4122 quod
1135 4058 1250 4122 nempe
1285 4039 1332 4105 uti

100 4140 228 4208 ualidum
262 4161 303 4207 ex
334 4143 419 4207 hona
447 4139 510 4206 fide
538 4146 719 4223 reputatur.
764 4141 798 4207 Si
829 4142 1021 4208 attendatur
1044 4141 1156 4206 modus
1183 4139 1333 4221 loquendi

100 4255 253 4324 canonum,
273 4259 412 4307 canones
430 4239 578 4306 effectum
593 4241 798 4322 legitimandi
815 4260 880 4307 uon
904 4241 1054 4306 tribuunt
1067 4243 1159 4307 bouae
1176 4239 1259 4324 fidei,
1277 4241 1332 4306 sed

99 4337 153 4418 ipsi
172 4341 381 4408 matrimonio.
423 4339 513 4422 Ergo
536 4357 573 4405 eo
596 4339 773 4422 deficiente,
795 4339 927 4410 videtur
949 4357 1013 4404 non
1035 4339 1095 4404 fiat
1116 4339 1318 4422 legitimatio.
1440 4403 1442 4408 Α
1564 4401 1576 4426 ,ε
