3186 5296
225 449 289 492 rm.
301 450 346 494 vx.
366 450 424 504 our
439 450 571 496 cnxmcr
584 451 650 498 vnn
662 453 835 500 vovnsrns
848 453 1093 499 nasamonium
1104 454 1174 498 nro.
1263 439 1325 500 113

159 602 213 667 Ab
236 601 298 669 hac
323 605 652 674 excommunicatione
674 613 708 674 et
729 607 978 692 irregularitate
995 608 1140 691 inspecto
1152 609 1228 693 jure
1243 625 1327 674 ccm-

66 702 160 768 muni
187 707 298 783 potest
326 701 507 787 Episcopus
536 708 718 791 absolvere,
752 709 780 775 si
808 708 944 776 clericus
970 728 1049 774 vere
1077 708 1265 792 resipuerit,
1294 714 1327 774 et

69 801 297 884 penitentiam
321 803 439 886 egerit,
463 804 632 874 dummodo
659 827 725 874 non
748 809 951 876 contraxerit
973 829 1046 876 cum
1068 809 1176 876 uidua.
1218 807 1323 897 Cupp.

69 907 98 972 1.
123 909 156 974 et
178 901 271 1073 {sla
292 909 331 990 t.;
361 926 433 994 cup.
457 906 490 974 4.
518 903 574 976 De
599 908 731 980 clericis
760 911 901 998 ccrp'up,
932 931 1004 998 cup.
1032 909 1090 980 uic.
1120 909 1162 980 de
1190 908 1327 997 Bipccu

68 1023 139 1072 cca
161 1023 202 1072 cr
227 1025 272 1072 aa.

161 1105 284 1170 Verum
297 1105 435 1170 accessit
451 1106 564 1188 praxis
579 1107 688 1173 Sacrae
702 1109 934 1192 inquisitionis,
950 1129 1020 1190 quae
1036 1110 1171 1176 clericos
1186 1110 1327 1192 majores

68 1203 315 1271 matrimonium
345 1209 549 1274 attentantes
577 1209 761 1276 considerat
790 1215 823 1276 et
851 1212 945 1293 punit
971 1213 1076 1279 veluti
1097 1216 1263 1294 suspectos
1287 1211 1327 1276 de

69 1305 188 1371 haeresi
211 1307 265 1373 vel
288 1306 327 1372 de
348 1305 535 1377 vehementi
557 1311 610 1376 vel
633 1309 699 1380 leci
717 1314 816 1395 juxta
838 1310 919 1378 facti
940 1311 1210 1378 circumstantias
1242 1310 1327 1377 Hinc

68 1406 166 1472 hodie
188 1425 253 1473 non
273 1411 381 1490 potest
403 1407 583 1492 Episcopus
609 1409 811 1494 dispensare,
834 1413 921 1478 circa
943 1411 1224 1495 irregularitatem
1246 1429 1326 1494 prae-

67 1507 195 1574 dictam
217 1511 291 1589 post
313 1511 482 1590 peractam
504 1509 738 1590 penitentiam.

161 1627 191 1687 4.
213 1621 297 1706 Quid
319 1641 399 1687 vero
422 1621 589 1688 dicendum
612 1624 651 1690 de
676 1623 1027 1690 excommunicatione?

160 1735 319 1804 Notamus
341 1735 376 1800 in
400 1734 628 1801 constitutione
646 1733 861 1824 ‘Apostolicce
876 1731 986 1804 Scdis'
1009 1734 1096 1800 inter
1114 1735 1328 1801 exconmmni·

71 1835 217 1900 cationes
247 1835 325 1900 latae
359 1835 531 1901 sententia
564 1835 724 1918 Episcopo
756 1835 825 1902 sive
856 1834 1019 1900 ordinario
1051 1840 1240 1901 reservatas
1268 1838 1327 1902 sub

69 1955 158 2000 num.
183 1941 211 2001 1.
236 1934 364 2002 decerni
391 1937 476 2002 hanc
498 1955 628 2019 poenam
651 1941 765 2002 contra
789 1937 921 2001 clericos
944 1935 978 2002 in
1000 1937 1103 2002 sacris
1126 1937 1329 2016 constitutos

70 2035 315 2102 matrimonium
340 2036 533 2102 contrahere
555 2041 797 2120 praesumentes
816 2055 877 2102 nec
899 2055 964 2102 non
985 2040 1099 2102 contra
1114 2056 1234 2120 omnes,
1257 2058 1329 2104 cum

71 2135 186 2216 aliqua
208 2154 248 2200 ex
271 2135 435 2218 praedictis
455 2136 600 2218 personis
618 2136 861 2202 matrimonium
879 2137 1072 2201 contrahere
1090 2143 1331 2218 praesumentes·

64 2236 184 2319 Quare
204 2236 310 2317 quoad
334 2235 696 2302 excommunicationem
720 2236 880 2302 absolutio
902 2241 1010 2318 potest
1033 2239 1074 2301 ab
1091 2237 1251 2320 Episcopo
1273 2256 1331 2302 seu

69 2337 114 2400 ah
140 2335 303 2402 ordinario
327 2335 466 2402 concedi.

163 2455 191 2513 5.
215 2448 333 2514 Clerici
355 2449 389 2512 in
416 2445 604 2517 minoribus
627 2447 792 2513 ordinibus
826 2446 1008 2527 constituti,
1041 2445 1130 2510 licite
1161 2453 1195 2511 et
1222 2447 1331 2512 valide

69 2549 276 2615 contrahunt
297 2547 548 2629 matrimonium,
572 2552 608 2612 at
632 2565 668 2612 eo
693 2547 762 2629 ipso
784 2546 959 2629 privantur
973 2545 1213 2611 Ecclesiasticis
1236 2548 1332 2612 bene-

68 2647 167 2731 ficiis,
189 2649 218 2714 si
242 2667 312 2730 quae
332 2650 462 2714 habent.
502 2649 642 2714 Factum
665 2647 751 2714 enim
773 2648 878 2730 ipsum
901 2647 1127 2714 consideratur
1142 2667 1201 2714 ceu
1215 2666 1333 2714 renun-

68 2749 176 2815 ciatio
210 2749 320 2815 clerici
352 2749 468 2832 ipsius,
499 2749 553 2830 qui
582 2750 790 2832 amplectitur
817 2753 940 2815 statum
963 2750 1005 2814 ab
1028 2749 1178 2815 Ecclesia
1201 2749 1333 2831 Latina,

66 2869 135 2916 ceu
164 2850 439 2933 incompatibilem
462 2850 702 2916 consideratum
725 2869 798 2916 cum
821 2849 951 2916 diviniis
975 2849 1084 2914 officiis
1108 2854 1141 2914 et
1164 2850 1333 2932 obsequiis,

65 2950 195 3030 quibus
219 2951 355 3016 clericus
379 2950 584 3032 mancipatus
607 2968 677 3015 esse
700 2951 804 3015 debet.
834 2949 930 3015 Unde
953 2967 1012 3015 nec
1036 2950 1215 3029 requiritur
1228 2949 1333 3016 decla-

67 3049 207 3116 ratcria
234 3050 398 3116 sententia
423 3049 549 3133 judicis.
593 3051 688 3116 Unde
716 3050 851 3116 clericus
873 3049 960 3115 illico
983 3049 1103 3115 decidit
1125 3069 1145 3114 a
1164 3051 1240 3134 jure
1262 3069 1334 3132 pcr-

69 3149 224 3234 cipiendi
248 3149 373 3217 fructus
402 3149 550 3216 beneficii
572 3149 630 3216 sui.
675 3149 854 3216 Deducitur
876 3151 945 3214 haec
968 3149 1127 3216 conclusio
1151 3169 1192 3216 ex
1214 3171 1283 3234 cap.
1307 3157 1334 3216 5.

66 3249 136 3321 De
163 3249 236 3320 cler.
257 3249 451 3338 coajaputis.
1383 3343 1386 3350 ¹

168 3363 305 3446 Rehqua
330 3364 365 3429 in
389 3365 443 3438 tit.
474 3361 539 3432 ‘Dc
568 3382 715 3433 concers.
741 3363 871 3450 coap'up.
892 3359 948 3432 De
975 3362 1106 3432 clericis
1129 3364 1258 3451 ccajup.
1280 3361 1336 3433 Dc

61 3471 227 3553 tempore
250 3463 455 3535 ordination.
478 3468 509 3533 ct
532 3461 649 3551 qualit.
673 3461 953 3532 ordinandorum.

542 3643 591 3715 11.
625 3643 695 3714 De
729 3643 880 3714 Volo.

170 3781 196 3840 6.
220 3775 340 3841 Votum
362 3773 505 3844 solemne
528 3774 640 3839 irritat
656 3772 899 3839 matrimonium
922 3772 1006 3852 quod
1021 3777 1094 3855 post
1109 3779 1220 3842 votum
1242 3773 1336 3840 ernis·

62 3897 149 3946 sum
176 3875 389 3941 contrahitur.

167 3993 290 4058 Votum
320 3997 429 4058 autem
463 3989 606 4079 simplem
634 3953 837 4056 solummodo¹
856 3987 1013 4059 illicitum
1041 3989 1149 4055 reddit
1171 3989 1336 4056 matrimo-

58 4099 179 4177 nium,
202 4113 276 4181 cup.
298 4094 329 4162 3.
350 4093 382 4160 4.
407 4097 437 4162 ct
460 4091 519 4160 ul.
542 4089 572 4159 h.
596 4095 633 4175 t.;
662 4110 734 4178 cup.
757 4110 813 4158 aa.
839 4085 904 4158 ‘De
925 4090 1013 4160 coto'
1036 4090 1074 4158 ia
1105 4087 1162 4160 VI
1164 4089 1176 4122 ⁰
1210 4096 1241 4160 ct
1265 4111 1337 4162 cuca

61 4200 99 4267 9.
128 4213 215 4264 sesa.
238 4193 296 4262 24.
318 4189 374 4262 Dc
397 4187 475 4277 Rcf.
499 4189 646 4260 matrim
673 4185 769 4258 Coae.
795 4185 889 4257 Trici.

170 4315 198 4374 7.
224 4309 346 4375 Verum
369 4316 480 4376 votum
503 4309 639 4392 simplex
658 4306 777 4389 duplici
799 4307 833 4372 in
855 4325 933 4372 casu
954 4306 1194 4392 matrimonium
1216 4307 1338 4391 irritat,

63 4413 117 4480 1⁰.
145 4410 276 4476 Votum
296 4408 460 4476 castitatis
484 4409 635 4474 emissum
657 4427 678 4474 a
701 4407 835 4474 muhere
858 4426 929 4488 quae
947 4407 1108 4473 consentit
1123 4407 1230 4475 virtum
1244 4426 1338 4474 suum

145 4530 241 4596 Santi,
263 4529 312 4582 lv.
330 4529 408 4585 Decr.
1112 4533 1135 4604 8Ι
