3186 5296
499 431 563 476 rrr.
575 431 619 476 ru.
640 432 685 476 nn
700 432 820 478 seonsa
832 433 982 478 nuonun.
1326 419 1367 478 97

198 587 248 646 36.
272 582 383 664 Neque
412 583 474 649 dici
499 585 596 650 debet
618 605 809 654 consensum
831 588 865 654 in
888 586 994 654 forma
1017 588 1189 672 illegitima
1212 589 1366 671 elicitum,

108 683 233 748 nullum
262 701 348 764 esse,
379 702 456 750 nam
484 686 593 752 nullus
622 693 672 754 est
699 690 811 770 ntique
838 689 880 756 ad
908 688 1118 756 obtinendum
1149 687 1299 758 effectum
1327 689 1369 754 ad

109 801 205 864 quern
229 782 392 868 dirigitur,
415 786 540 852 scilicet
563 787 605 854 ad
625 789 800 857 ineundum
822 791 933 857 valide
956 791 1213 872 matrimonium3
1236 797 1370 858 nonest

107 890 221 950 autem
242 885 351 950 nullus
375 885 417 950 ad
445 887 700 956 contrahendum
726 889 992 974 impedimentum
1017 893 1153 975 publicae
1178 891 1368 959 honestatis.

109 985 357 1051 Matrimonium
386 987 511 1054 nullum
543 993 593 1054 est
620 989 706 1054 enim
734 1008 775 1056 er
804 990 931 1058 defectu
957 1010 1143 1075 consensus,
1171 999 1205 1058 ct
1234 990 1369 1074 proinde
1486 1018 1489 1026 ·

110 1087 251 1170 incapax
271 1087 314 1153 ad
334 1088 575 1170 producendum
590 1089 856 1172 impedimentum
871 1092 1009 1176 pubhcae
1025 1091 1216 1174 honestade,
1241 1089 1368 1172 quando

109 1206 228 1253 revera
253 1186 355 1255 dcfmt
375 1207 563 1272 consonano,
589 1191 643 1257 vel
666 1210 706 1256 ex
729 1191 763 1258 vi
786 1197 820 1257 et
843 1197 946 1275 metu,
967 1193 1021 1260 vel
1044 1212 1085 1258 ex
1108 1211 1226 1258 errore.
1270 1192 1367 1257 Hisce

109 1287 199 1353 enim
224 1288 260 1354 in
288 1289 417 1356 ensibus
444 1271 574 1373 proprie
604 1291 724 1358 dicitur
751 1293 874 1360 nullum
903 1293 1151 1376 matrimonium,
1174 1313 1215 1359 en
1239 1292 1367 1358 defectu

110 1409 295 1457 consensus.
341 1391 442 1473 Atqui
470 1391 505 1457 in
526 1393 734 1460 matrimonio
758 1385 958 1462 clandestino
985 1414 1051 1462 non
1079 1394 1171 1460 deest
1194 1411 1368 1460 consensus

110 1493 175 1557 hoc
194 1491 294 1560 modo.
327 1492 418 1576 Ergo
441 1493 683 1562 matrimonium
706 1493 942 1562 clandestinum
964 1495 1089 1562 inducit
1101 1494 1368 1578 impedimentum

111 1591 252 1674 pnbhcae
270 1591 461 1675 honestatis,
484 1611 542 1658 ceu
565 1594 808 1660 matrimonium
830 1596 1021 1678 simpliciter
1042 1597 1176 1662 millum

205 1697 253 1757 37.
275 1692 440 1777 Quaeritur
462 1698 572 1759 utrum
595 1712 637 1761 ecc
657 1692 873 1764 matrimomo
897 1695 989 1766 cicili
1007 1696 1138 1769 oriatur
1157 1695 1366 1778 impedimen-

110 1795 187 1857 tum
210 1793 346 1874 publicae
368 1793 558 1859 honestatis.

202 1893 280 1958 Haec
307 1894 441 1973 quaestio
469 1893 591 1976 incepit
617 1895 757 1960 tractari
781 1914 801 1960 a
822 1895 1032 1986 Ductoribus,
1058 1901 1231 1978 postquam
1254 1895 1368 1980 Legis-

112 1993 196 2058 latio
218 1992 341 2076 civilis,
364 1993 520 2060 Ecclesiae
542 1993 750 2076 vigilantiam
773 2001 806 2060 et
833 1995 1028 2080 sapientiam
1052 2013 1223 2078 spernens,
1252 1995 1287 2060 in
1312 1996 1370 2062 ali-

113 2093 230 2173 quibus
256 2093 443 2177 regionibus
467 2095 632 2177 propriam
654 2093 794 2160 formam
822 2097 1000 2182 conjugahs
1024 2100 1210 2162 contractus
1236 2095 1372 2164 invexit.

111 2194 225 2278 Quare
250 2194 385 2274 quaestio
411 2193 602 2280 hujusmodi,
618 2197 748 2280 proprie
775 2196 908 2278 respicit
935 2197 1006 2262 loca
1028 2195 1062 2262 in
1090 2197 1207 2278 quibus
1235 2196 1371 2262 Triden-

110 2295 219 2359 tinnm
238 2293 414 2360 Concilium
436 2294 637 2376 publicatum
653 2301 703 2360 est
717 2299 751 2360 et
772 2295 937 2361 servanda
956 2301 1006 2361 est
1020 2294 1126 2362 forma
1140 2296 1372 2362 Ecclesiastica

108 2395 148 2459 in
173 2393 386 2460 matrimoniis
409 2394 619 2462 celebrandis.
650 2395 771 2460 Procul
794 2395 889 2461 dubio
905 2396 1050 2462 rationes
1067 2415 1132 2462 non
1148 2397 1371 2478 aspernabiles

112 2494 260 2560 militare
286 2494 483 2562 videbantur
508 2515 567 2578 pro
592 2493 789 2563 affirmativa
811 2496 989 2578 sententia,
1019 2515 1098 2562 sane
1121 2501 1291 2578 sequentes
1315 2496 1381 2562 tie-1

113 2595 201 2659 bant
220 2593 525 2662 animadversiones.

205 2699 256 2760 38.
280 2699 324 2761 1⁰.
347 2695 512 2762 Habemus
536 2715 576 2762 or
599 2715 664 2762 nna
686 2700 781 2779 parte
803 2695 933 2762 civilem
956 2697 1196 2780 auctoritatem,
1219 2717 1291 2779 quae
1312 2697 1372 2763 im·

112 2795 208 2878 ponit
231 2815 323 2862 suam
342 2793 480 2862 formam
502 2797 537 2861 in
560 2815 633 2863 eum
654 2796 788 2879 praecise
811 2815 952 2879 scopum,
975 2801 1012 2863 ut
1032 2797 1153 2864 subditi
1176 2799 1373 2864 contrahant

114 2897 376 2978 matrimonium3
399 2898 555 2964 habemus
578 2917 619 2962 ex
635 2897 702 2964 alia
721 2902 817 2980 parte
831 2897 918 2980 ipsos
934 2899 1163 2964 contrahentes
1180 2917 1371 2965 consensum

113 2996 262 3062 exterius
285 3015 433 3079 promere
455 2999 489 3064 in
515 2998 628 3064 ordine
652 2997 695 3063 ad
717 2997 937 3080 suscipiendas
967 2997 1198 3082 obligationes,
1227 3005 1261 3064 et
1285 3018 1371 3066 asse-

114 3095 247 3178 quenda
264 3098 339 3181 jura
360 3103 468 3164 status
491 3099 678 3182 conjugalis.
723 3097 833 3182 Quare
856 3104 947 3164 actus
972 3098 1076 3166 civilis
1100 3118 1171 3165 sese
1194 3098 1289 3165 offert
1311 3101 1371 3166 sub

114 3196 229 3281 specie
249 3204 433 3266 contractus
455 3199 706 3265 matrimonialis
728 3197 867 3265 invalidi
889 3199 965 3280 quia
988 3200 1174 3267 celebratur
1189 3203 1285 3266 extra
1309 3199 1373 3264 for-

115 3317 209 3364 mam
231 3299 481 3364 substantialem
504 3298 738 3364 Tridentinam.

208 3403 257 3464 39.
286 3403 329 3464 2⁰.
357 3399 507 3466 Ecclesia
533 3399 626 3464 illum
655 3399 860 3465 considerare
888 3397 1018 3465 videtur
1045 3397 1192 3463 sub”hoc
1215 3403 1373 3480 respectu.

111 3501 202 3565 Nam
224 3498 348 3581 sipost
369 3499 498 3566 civilem
520 3504 722 3566 contractum
745 3501 896 3584 conjuges
924 3499 1021 3564 simul
1043 3498 1159 3566 vivant
1182 3517 1240 3564 cen
1262 3499 1315 3565 vir
1341 3503 1375 3563 et

113 3617 207 3682 uxor,
229 3617 290 3664 nec
311 3599 471 3665 alteruter
493 3619 604 3666 eorum
626 3599 734 3667 induci
757 3600 860 3683 possit
879 3599 922 3666 ad
936 3599 1112 3666 ineundum
1132 3599 1374 3665 matrimonium

112 3717 227 3764 coram
253 3697 417 3783 Ecclesia,
451 3700 559 3766 altera
586 3719 664 3783 pars
687 3706 796 3784 potest
822 3705 935 3783 petere
968 3705 1003 3766 et
1030 3700 1158 3782 assequi
1188 3720 1209 3766 a
1237 3699 1267 3765 S.
1291 3699 1373 3765 Sede

112 3800 391 3883 dispensationem
410 3801 450 3870 a'c
470 3800 597 3885 radice,
621 3822 685 3884 qua
700 3821 814 3886 nempe
834 3802 1041 3884 dispensatur
1060 3803 1148 3868 circa
1164 3800 1373 3882 impedimen-

109 3908 190 3968 tum
220 3901 509 3986 olandestinitatis,
543 3907 578 3970 st
610 3901 760 3970 effectus·
775 3901 1025 3985 dispensationis
1059 3887 1297 3976 retrotrahitur
1332 3900 1374 3966 ad

108 4011 245 4086 tempos
276 4002 349 4068 initi
383 4003 488 4069 civilis
520 4008 715 4070 contractus.
760 4002 868 4088 Igitur
898 4021 1072 4069 consensus
1104 4001 1227 4085 positus
1259 4019 1370 4067 coram

107 4103 244 4170 officiah
267 4103 364 4187 civili,
385 4103 609 4192 consideratur
631 4103 749 4169 saltem
763 4122 822 4170 ceu
837 4121 1010 4170 consensus
1026 4103 1189 4170 naturahs
1204 4101 1374 4186 illegitime

104 4201 256 4288 positns;
288 4203 411 4269 scilicet
444 4203 538 4270 civile
571 4203 814 4270 matrimonium
846 4205 1000 4288 habetur,
1034 4222 1093 4270 ceu
1126 4202 1370 4270 matrimonium

103 4303 258 4386 nullum,
284 4323 349 4369 non
371 4304 500 4385 quidem
527 4323 568 4370 ex
591 4303 719 4370 defectu
742 4323 931 4387 consensus,
961 4303 1018 4370 sed
1045 4322 1087 4370 ex
1110 4302 1238 4372 defectu
1259 4303 1373 4369 formae

106 4402 335 4486 instantius,
368 4403 455 4470 idest
485 4405 525 4470 ob
559 4403 823 4488 impedimentum
857 4403 1140 4470 clandestinitatis.
1186 4403 1282 4472 Unde
1312 4403 1376 4469 dici

223 4524 307 4592 Santi,
325 4525 374 4580 IV.
392 4523 470 4578 Dect.
1151 4531 1166 4581 'I
