3186 5296
295 405 357 448 rm.
370 406 426 450 xv.
441 405 485 448 nn
498 405 644 450 rnrerors
657 408 699 450 ur
709 407 946 452 nnnnurcrnrxs
959 407 1028 452 nro.
1222 394 1283 454 145

71 562 206 640 utriusque
227 558 336 624 eadem
358 564 416 623 est.
457 559 504 625 Et
526 561 553 624 si
576 579 647 640 quae
669 567 720 626 est
741 561 936 628 modificatio
959 569 993 626 et
1014 561 1166 628 limitatio
1190 564 1284 629 unius

70 661 200 744 praelia
221 661 286 724 haec
304 660 449 742 procedit
466 679 506 725 ex
525 660 732 742 dispositione
750 661 890 742 positiva
906 661 1074 744 Ecclesiae,
1090 681 1161 742 qnae
1177 682 1285 746 respe-

70 767 136 826 11111
155 763 246 826 habet
266 760 308 826 ad
323 761 474 827 honestos
493 780 598 827 mores
622 766 656 826 et
673 761 874 827 familiarum
896 763 1001 828 decus.
1043 763 1145 842 Atqui
1172 763 1285 828 Eccle-

69 866 106 928 sia
129 863 315 945 dispensavit
343 867 377 927 et
404 862 592 945 dispensare
624 863 706 928 solet
737 863 772 927 in
800 863 902 945 primo
930 863 1035 945 gradu
1065 863 1159 928 lineae
1187 869 1285 952 rectae

69 963 206 1028 1111111111
238 981 278 1028 ex
312 963 427 1046 copula
460 963 583 1029 illicita.
632 963 722 1047 Ergo
749 964 898 1030 Ecclesia
931 968 1039 1045 potest
1066 963 1174 1046 rigore
1201 963 1286 1047 juris

69 1063 225 1144 dispensare
245 1062 279 1127 in
301 1063 404 1146 primo
427 1064 532 1148 gradu
555 1063 724 1130 affinitatis
745 1063 844 1128 etiam
867 1082 908 1128 ex
931 1065 1045 1145 copula
1067 1064 1167 1130 licita

136 1185 179 1243 30.
210 1181 253 1244 11
285 1198 343 1245 cur
370 1198 436 1245 non
466 1179 636 1245 111111-
668 1180 752 1263 Quia
786 1181 872 1247 ratio
901 1181 1055 1247 decentiae
1090 1186 1124 1244 et
1151 1177 1313 1260 publicae=

67 1279 194 1360 opinionis
220 1299 284 1346 non
313 1281 480 1346 consenuit
519 1281 566 1346 At
593 1280 681 1346 aliud
713 1281 869 1362 estquod
897 1301 962 1347 non
989 1279 1141 1363 expediat
1164 1273 1287 1358 aliquid

66 1378 165 1461 lacere,
196 1379 282 1445 aliud
315 1380 477 1460 estquod
507 1400 571 1447 non
598 1381 760 1446 habeatur
789 1382 843 1464 jus
877 1380 919 1446 ad
945 1379 1067 1460 aliquid
1095 1377 1287 1444 laciendum.

66 1482 152 1560 Quare
172 1479 199 1544 S.
213 1479 312 1546 Sedes
335 1480 462 1560 quando
483 1485 584 1564 negat
607 1481 880 1563 dispensationem
904 1484 946 1547 ab
969 1480 1198 1564 impedimento
1220 1478 1286 1543 affi-

65 1577 156 1643 nitatis
175 1579 207 1644 in
227 1581 331 1662 primo
347 1579 450 1661 gradu
473 1581 567 1646 1111111
582 1585 681 1646 rectae
705 1599 745 1645 ex
760 1582 874 1663 copula
894 1581 995 1664 licita,
1010 1583 1095 1646 hanc
1114 1579 1286 1645 sormidam

65 1678 159 1743 habet:
194 1679 350 1745 ‘Ecclesia
391 1699 488 1762 super
524 1680 583 1745 hoo
624 1679 853 1762 impedimento
887 1699 951 1746 non
990 1681 1182 1764 dispensat,
1221 1697 1285 1744 non

66 1779 244 1845 autemdicit
268 1799 333 1845 non
356 1799 449 1863 posse
472 1779 669 1861 dispensare,
693 1785 751 1846 aut
774 1781 841 1846 alia
861 1781 1051 1865 thusmodi.

133 1899 176 1958 31.
206 1895 319 1975 Neque
341 1895 541 1960 contrarium
564 1897 682 1976 probat
709 1894 826 1959 relatio
853 1894 1067 1961 intercedens
1087 1895 1174 1960 inter
1194 1894 1287 1962 vitri·

64 2013 119 2058 cun
139 2000 168 2059 et
187 1996 386 2079 privignam,
415 2003 448 2062 et
470 1996 558 2060 inter
579 2013 753 2060 novercam
783 2001 817 2060 et
839 1995 1039 2079 privignum,
1065 2015 1141 2060 narn
1169 1995 1287 2060 relatio

63 2095 115 2158 111
129 2101 173 2160 est
193 2095 311 2161 fictitia
333 2104 367 2161 et
388 2095 514 2180 legalis,
529 2113 594 2160 non
616 2101 726 2160 autem
745 2098 880 2160 naturae.
915 2096 1000 2161 Sane
1022 2115 1086 2161 non
1101 2115 1178 2160 raro
1202 2095 1288 2160 inter

62 2192 127 2258 istas
145 2213 296 2278 personas
319 2215 384 2261 non
408 2196 571 2260 excitatur
592 2214 684 2259 amor
702 2199 869 2277 paternus,
883 2196 937 2261 vel
958 2201 1133 2276 maternus,
1154 2202 1187 2260 et
1205 2197 1288 2260 rela-

61 2292 132 2357 tivus
152 2313 238 2360 amor
260 2299 297 2360 et
318 2294 487 2361 veneratio
510 2293 628 2358 filialis.

131 2415 175 2476 32.
211 2413 324 2496 Quoad
347 2431 425 2478 vero
459 2411 606 2494 gentium
639 2428 761 2490 meree,
792 2410 908 2489 quibus
935 2410 1118 2494 conjugium
1153 2409 1192 2474 de
1226 2430 1289 2489 quo

60 2509 150 2589 agitur
166 2515 370 2594 reprobatur,
386 2510 653 2577 animadvertunt
671 2508 787 2572 exinde
811 2509 1009 2574 solummodo
1030 2508 1163 2591 probari
1178 2529 1289 2589 quam·

59 2606 117 2672 dan
140 2611 370 2694 indecentiam,
397 2631 462 2677 non
489 2615 598 2678 autem
627 2628 741 2675 veram
767 2609 1020 2692 repugnantiam
1048 2609 1188 2692 conjugii
1217 2629 1288 2676 cum

59 2708 152 2774 stricto
168 2713 241 2795 J'ure
267 2717 403 2778 naturae.

129 2833 174 2892 33.
206 2829 328 2895 Relate
351 2833 460 2897 autem
483 2829 525 2894 ad
547 2833 675 2892 textum
697 2827 872 2893 Paulinum
895 2828 1181 2909 animadvertuntp
1204 2829 1290 2894 Pau·

58 2922 112 2991 lun
132 2927 354 3012 indignatione
378 2927 554 3009 exarsisse,
581 2927 658 3008 quia
679 2928 850 3011 priuignus
872 2947 1005 2994 uxorem
1028 2927 1206 3009 patrissui
1229 2927 1290 2997 od·

57 3022 277 3113 1111111111,
300 3037 465 3111 tamquam
489 3048 582 3096 suam
604 3027 776 3096 retinebat.
823 3027 914 3111 Quod
937 3026 1085 3092 inferunt
1103 3045 1144 3091 ex
1167 3046 1235 3109 cap.
1261 3034 1290 3092 7.

57 3123 105 3205 Ep.
118 3127 156 3192 11.
178 3129 219 3195 ad
243 3132 316 3196 Cor.
338 3149 369 3196 v.
390 3135 443 3208 123
472 3129 528 3193 ubi
550 3127 673 3193 Paulus
697 3127 843 3192 alludens
869 3127 912 3192 ad
938 3128 1154 3210 incestuosum
1180 3128 1289 3192 Corin-

56 3224 156 3309 thium,
183 3229 333 3295 meminit
364 3230 404 3294 de
425 3227 562 3311 injuria,
588 3247 660 3308 quae
683 3233 772 3293 certe
794 3226 923 3292 nonnisi
951 3227 1038 3310 patri
1061 3226 1187 3292 viventi
1217 3217 1289 3310 pio-

56 3325 113 3402 prie
132 3327 273 3413 irrogari
294 3335 433 3411 poterat.

127 3441 158 3506 Si
180 3443 378 3508 admittatur
400 3443 468 3508 haec
483 3442 623 3508 secunda
645 3443 820 3523 sententia,
834 3439 1099 3522 impedimentum
1122 3437 1293 3504 affinitatis

55 3535 82 3600 in
102 3545 164 3606 tota
186 3561 247 3608 soa
272 3543 460 3608 extensione
482 3547 533 3608 est
554 3541 817 3625 impedimentum
836 3541 920 3624 juris
942 3538 1174 3604 Ecclesiastici.

544 3769 693 3834 Truncus
716 3767 788 3831 XV.

69 3889 115 3972 De
135 3894 303 4001 frigidis
331 3901 371 3978 et
399 3895 658 3990 111111111111,
688 3899 728 3976 11
757 3895 804 4012 de
830 3892 1064 3999 impotentia
1091 3892 1266 3973 coeundi.

129 4063 154 4122 1.
187 4059 312 4143 Agitur
339 4059 373 4124 in
395 4059 491 4124 titulo
521 4058 563 4123 de
583 4054 787 4144 1111111111
810 4053 1054 4142 impedimento.
1094 4054 1292 4135 Impotentia

51 4163 95 4218 est
127 4155 337 4228 ‘teudebaldus
376 4158 423 4227 ad
463 4156 654 4227 habendam
688 4155 843 4244 copulam
876 4154 1051 4224 1111111111
1083 4153 1292 4240 perfectam&

52 4253 160 4336 Copula
187 4265 301 4324 autem
324 4257 470 4341 perfecta
501 4276 540 4323 ea
563 4261 614 4322 est
636 4275 707 4337 quae
737 4275 796 4337 per
817 4253 1003 4320 effusionem
1032 4254 1137 4320 virilis
1161 4255 1291 4320 seminis

50 4354 78 4418 in
98 4377 155 4423 vas
178 4360 327 4426 1111111111
350 4359 390 4425 de
412 4379 447 4424 se
469 4377 574 4441 capax
598 4363 649 4422 est
671 4356 914 4440 generationem
937 4354 1101 4436 operandi.

142 4481 230 4546 Santi,
249 4481 296 4532 IV.
314 4482 393 4532 Deor.
1052 4479 1084 4528 10
