3186 5296
266 397 328 457 106
588 411 827 456 naonnrxnrunr
847 408 1200 455 onnooarrrx.n1n.1v.

351 567 509 634 Doctores
548 564 692 630 nonnulli
728 569 842 630 tenent
874 582 940 629 non
976 562 1149 628 adversari
1181 563 1376 629 substantiae
1404 565 1502 628 matri-

263 667 372 734 monii.
404 669 489 733 Nam
511 672 551 732 1⁰.
573 665 728 747 distingui
745 668 854 746 potest
868 663 974 746 ipsum
983 662 1047 749 jos
1062 667 1093 732 et
1107 661 1295 732 domininon
1309 665 1348 732 irc
1363 682 1502 750 corporo,

264 767 307 836 ab
336 789 401 837 osu
424 767 521 854 juris
548 765 666 854 ipsius.
711 766 777 831 Per
805 763 1049 830 matrimonium
1071 762 1216 829 traditur
1234 765 1301 846 jus,
1332 782 1390 846 per
1411 763 1503 828 condi-

262 869 385 935 tionem
409 867 613 933 contrahitur
633 864 788 948 obligatio
811 882 876 930 non
896 863 1009 930 utendi
1029 864 1114 947 jure,
1136 865 1190 931 vel
1208 865 1306 948 juxta
1330 865 1503 946 aliquosin

264 966 470 1033 matrimonio
494 964 610 1032 sufficit
628 966 657 1031 si
680 965 833 1031 tradatur
848 963 911 1050 jos
932 970 1097 1034 remotum
1116 969 1147 1033 ct
1163 963 1319 1034 radicale
1339 965 1381 1030 ad
1394 966 1504 1048 prolem

261 1067 472 1152 gignendam,
502 1084 566 1132 non
601 1069 710 1131 autern
738 1063 918 1144 requiritur
946 1070 983 1130 ut
1010 1063 1163 1130 tradatur
1191 1065 1242 1147 ius
1268 1066 1460 1152 prominulam
1479 1072 1505 1130 et
1567 1099 1568 1102 π

263 1167 464 1257 expeditum.
509 1167 704 1248 Exemplum
727 1163 892 1230 adducunt
913 1164 953 1230 de
972 1165 1110 1248 pupillo,
1133 1165 1188 1246 qui
1210 1165 1322 1246 utique
1346 1165 1503 1231 dominium

263 1288 377 1336 verum
400 1269 549 1350 acquirit,
572 1267 785 1332 illudentem
807 1283 871 1330 non
894 1265 1020 1332 obtinet
1042 1259 1236 1348 expeditori.

350 1370 397 1434 2⁰.
420 1368 550 1434 Adsunt
581 1367 730 1449 exempla
759 1367 888 1450 piarum
921 1387 1148 1452 personarum,
1183 1390 1254 1451 quae
1281 1371 1395 1454 ligatae
1424 1376 1505 1436 erant

263 1473 339 1535 voto
362 1474 528 1552 perpetuae
547 1467 749 1552 virginitatis
770 1468 949 1552 servandae,
973 1489 1044 1550 quae
1067 1469 1203 1552 proinde
1217 1471 1269 1538 vel
1284 1475 1504 1538 contraxerunt
1566 1503 1568 1516 =

175 1612 180 1622 ι
263 1589 337 1636 curn
360 1571 542 1638 conditione
563 1569 734 1636 servandae
749 1569 961 1653 virginitatis
983 1571 1038 1638 rel
1052 1588 1124 1636 sese
1142 1575 1364 1652 exposuerunt
1378 1571 1505 1654 periculo

260 1676 375 1738 votum
398 1671 551 1738 violandi.
587 1671 667 1736 Cum
690 1670 750 1735 hoc
772 1672 911 1738 alterum
927 1676 1069 1752 nequeat
1082 1671 1227 1754 supponi,
1250 1673 1393 1754 primum
1409 1677 1505 1738 teuen-
1567 1687 1568 1726 1

259 1773 338 1838 dum
362 1777 419 1838 est.

350 1874 440 1955 Ergo
463 1873 555 1940 valet
577 1872 644 1938 tale
666 1869 917 1936 matrimonium.
1567 1949 1568 1958 ἵ

351 1980 402 2041 21.
425 1973 575 2041 Aliorum
597 1971 762 2038 sententia
786 1974 844 2052 est,
868 1971 1083 2054 conditionem
1105 1971 1275 2040 servandae
1300 1971 1468 2052 castitatis,
1483 1970 1505 2034 si
1567 2027 1568 2030 ,

259 2074 442 2142 deducatur
464 2074 658 2156 inpactum
687 2076 874 2138 contractus
897 2072 1091 2157 conjugalis,
1127 2071 1297 2139 adversari
1327 2071 1504 2139 substantia

264 2175 470 2242 matrimonii.
512 2176 596 2240 Nam
619 2193 678 2256 per
700 2175 785 2239 hano
807 2171 1022 2239 conditionem
1045 2173 1098 2241 vir
1121 2173 1293 2240 abdicata
1317 2193 1354 2240 se
1378 2177 1505 2256 potesta·

263 2283 331 2342 tem
354 2276 388 2342 in
411 2293 527 2358 corpus
550 2273 704 2356 mulieris,
730 2278 763 2338 et
784 2273 928 2340 vicissim
950 2273 1067 2340 mulier
1090 2272 1256 2339 abdicata
1273 2292 1309 2340 se
1323 2279 1505 2365 potestatem
1567 2309 1568 2350 ἶ

261 2377 296 2442 in
327 2395 442 2459 corpus
465 2377 544 2459 viri,
571 2381 606 2442 et
635 2375 776 2441 formula
805 2381 992 2441 contractus
1015 2375 1084 2440 haec
1112 2380 1212 2440 esset:
1246 2375 1356 2442 Trade
1380 2375 1438 2442 tibi
1461 2375 1504 2458 jus
1567 2417 1568 2440 2

261 2475 347 2556 quod
372 2495 436 2542 non
465 2475 618 2558 recipias,
648 2495 719 2558 quae
742 2474 880 2542 formula
902 2480 992 2540 certe
1015 2479 1218 2540 contractum
1242 2475 1392 2544 destruit.
1434 2475 1505 2542 Hinc
1567 2467 1568 2492 ³

262 2577 466 2644 renunciatio
490 2595 645 2658 expressa
673 2581 707 2642 et
729 2577 879 2642 absoluta
901 2595 984 2644 osus
1007 2580 1117 2656 potest
1139 2576 1252 2656 utique
1274 2575 1347 2642 fieri
1367 2582 1441 2666 posi
1462 2594 1506 2644 oo·
1567 2613 1568 2650 ς

260 2681 396 2764 ceptam
409 2677 487 2762 jos,
519 2676 596 2756 quin
619 2679 808 2741 contractus
838 2674 1042 2758 destruatur,
1069 2677 1154 2757 quia'
1168 2682 1358 2743 contractus
1377 2679 1444 2762 jan
1465 2677 1506 2740 est
1567 2745 1568 2748 Ἴ

260 2777 458 2858 celebratur,
481 2776 510 2841 si
528 2781 637 2842 autem
660 2775 721 2841 fiat
735 2776 770 2840 in
790 2775 862 2856 ipsa
877 2779 1064 2842 contractus
1081 2775 1308 2859 celebratione,
1333 2781 1506 2843 contractus

264 2896 330 2942 non
352 2875 528 2958 perficitur.
561 2877 629 2941 Nec
651 2877 742 2942 valet
764 2876 946 2957 exemplum
969 2875 1097 2973 pupilli,
1120 2876 1196 2958 quia
1219 2877 1407 2944 interdictio
1429 2894 1506 2942 exer·
1566 2953 1568 2972 .

259 2977 333 3042 citii
351 2977 436 3060 juris
458 2996 524 3042 non
553 2981 604 3042 est
624 2977 773 3042 absoluta
796 2981 830 3041 et
851 2981 1024 3060 perpetua,
1052 2977 1109 3043 sed
1132 2981 1184 3042 est
1206 2981 1430 3061 temporanea,
1457 2992 1506 3042 neo
1567 3039 1568 3052 ,

264 3082 428 3160 repugnat
450 3078 592 3158 aliquem
614 3097 708 3160 posse
730 3077 878 3159 recipere
895 3079 958 3163 jus,
981 3078 1066 3158 quod
1086 3078 1173 3144 illico
1196 3096 1260 3144 non
1279 3083 1439 3146 exerceat.

352 3183 403 3244 22.
424 3177 537 3262 Quoad
559 3196 637 3244 vero
658 3177 868 3244 matrimonia
891 3179 1057 3244 celebrata
1079 3177 1176 3260 apiis
1194 3179 1339 3260 personis
1358 3175 1507 3246 obstrictis

265 3283 342 3344 voto
371 3283 537 3361 perpetuae
566 3279 731 3345 castitatis
753 3277 831 3364 (non
853 3279 1014 3360 loquimur
1037 3277 1076 3344 de
1103 3283 1180 3345 voto
1210 3279 1347 3346 solemni
1368 3280 1508 3346 insensu

257 3379 362 3462 juria,
391 3379 474 3460 quod
498 3379 740 3456 matrimonium
764 3379 915 3465 dirimit),
945 3379 1076 3445 adverti
1098 3383 1220 3463 potest,
1243 3380 1441 3462 propositum
1461 3393 1507 3442 seu

264 3479 522 3562 promissionem,
545 3480 699 3547 servandi
725 3480 927 3560 castitatem,
952 3480 1147 3546 antecedens
1171 3480 1429 3562 matrimonium,
1454 3492 1508 3542 nou

262 3577 390 3645 officere
422 3579 543 3646 valori-
564 3585 766 3663 contractae,
796 3579 966 3646 dummodo
1001 3599 1154 3664 expresse
1185 3599 1251 3646 non
1281 3576 1508 3648 deducaturin

264 3683 404 3760 pactum.
453 3679 538 3745 Nam
578 3685 765 3748 contractus
800 3681 983 3748 celebratus
1018 3683 1140 3761 absque
1174 3680 1305 3763 adjecta
1341 3679 1509 3748 conditione

265 3780 405 3846 habetur
426 3779 476 3845 uti
498 3781 644 3846 absolute
668 3783 860 3864 celebratus,
884 3787 918 3848 et
942 3786 1095 3848 constans
1118 3781 1266 3846 omnibus
1282 3779 1350 3847 suis
1367 3777 1508 3848 assentia-

211 3880 217 3888 '
264 3879 349 3946 libus
384 3881 560 3948 elementis.
604 3883 690 3948 Hinc
725 3902 843 3948 revera
876 3883 980 3949 locum
1013 3883 1115 3948 habet
1141 3881 1239 3964 plena
1267 3881 1402 3948 traditio
1428 3876 1508 3965 juu's.

262 3979 469 4046 ,Solummodo
491 4000 569 4063 pars
590 4000 662 4062 quae
685 3983 849 4048 castitatis
871 3986 949 4048 voto
970 3981 1102 4065 ligatur,
1125 3997 1197 4046 sese
1220 3981 1354 4062 exponit
1376 3975 1509 4056 aut—sal·

265 4085 332 4144 tem
355 4099 426 4145 sese
449 4099 610 4162 exponere
631 4087 740 4164 potest
761 4083 903 4165 periculo
925 4083 1070 4150 violandi
1093 4086 1213 4164 votum,
1237 4085 1271 4148 et
1286 4099 1326 4146 ex
1341 4081 1400 4148 hoo
1415 4077 1510 4161 eapite

266 4179 509 4246 matrimonium
532 4185 584 4246 est
605 4180 770 4250 illicitator.

355 4283 406 4344 23.
430 4280 494 4346 Sed
514 4281 542 4346 si
565 4282 681 4365 conjux
702 4281 757 4361 qui
779 4285 856 4346 voto
879 4281 1002 4364 ligatur
1022 4299 1063 4348 ex
1086 4281 1197 4348 divina
1220 4281 1420 4348 revelatione
1437 4275 1510 4345 sciat

263 4379 368 4446 alium
392 4381 559 4464 conjugem
583 4401 647 4447 non
675 4400 902 4448 assensurum
930 4382 1020 4464 Jure,
1049 4382 1133 4462 quod
1155 4383 1287 4466 recipit,
1316 4381 1509 4464 poteritnon
