3186 5296
308 396 370 438 rra.
384 396 437 438 xv.
457 397 499 439 aa
514 397 659 441 amuranus
674 399 713 442 en
730 398 965 442 narrarucmrns
978 399 1048 442 aruc.
1244 385 1305 446 153

875 473 885 504 b

518 539 523 550 ’
580 551 783 622 Instrrrctio

158 666 328 735 sitlans.
353 666 591 748 congregatione
615 667 737 734 concilii
762 667 809 732 ilis
833 665 885 735 22.
908 668 1031 750 lupuoli
1055 669 1144 736 talu·
1163 687 1217 752 pro

250 771 439 838 ooalecliorrs
463 787 628 853 processus
653 773 681 836 io
705 773 809 838 causis
833 771 1111 840 matrimonialibus.

147 911 193 972 26.
227 907 303 972 Cum
328 917 457 972 moneat
478 907 596 972 Glossa
625 905 678 986 (in
704 927 776 994 capr.
796 905 860 992 fin.
890 905 1088 992 defricet
1111 905 1242 993 matcfi)
1272 908 1305 973 in

74 1005 163 1070 tauns
191 1001 482 1072 matrimonialibus
505 1025 632 1070 curnem
655 1007 817 1072 cautelam
841 1025 911 1072 esse
934 1007 1151 1074 adhibendam
1172 1015 1306 1092 propter

75 1103 231 1185 pariendum
245 1108 436 1189 animarum,
452 1107 536 1188 quad
558 1115 592 1171 et
608 1106 715 1172 (locuit
733 1108 879 1173 Sanchea
896 1104 1131 1192 (Demetrion.
1147 1109 1202 1178 ita.
1227 1107 1303 1178 VII

73 1202 273 1292 Distu-107.)
306 1212 341 1273 et
374 1207 555 1274 Cardinalis
583 1206 819 1290 Argenvilliers
853 1207 907 1292 (in
938 1207 1069 1278 dissert.
1096 1209 1307 1278 matrimonii

73 1305 152 1374 reiut.
172 1305 260 1375 inter
286 1313 364 1376 uota
390 1305 605 1377 Constantini
626 1305 667 1374 P.
689 1307 720 1376 5.
741 1307 804 1377 cot.
829 1307 887 1377 nit.
911 1331 943 1378 n
965 1309 1037 1393 16.)
1065 1309 1159 1390 plura
1188 1309 1306 1374 hinca

73 1405 159 1470 sacris
181 1407 364 1474 damonibus
383 1408 515 1474 'sancita
537 1413 623 1489 sunt,
640 1412 677 1472 nt
697 1412 804 1473 tutum
827 1429 866 1474 ac
889 1413 1014 1475 rectum
1034 1408 1189 1492 judicium
1213 1408 1305 1474 elior-

72 1505 141 1569 man'
162 1513 266 1586 queat.
311 1507 363 1572 Ad
386 1507 599 1573 removendas
621 1526 699 1573 vero
722 1505 863 1587 fraudes,
886 1528 957 1588 qnae
978 1509 1147 1593 conjugum
1170 1507 1305 1588 malitia,

71 1605 293 1671 sciscitatione
308 1625 393 1688 saepe
408 1607 606 1688 oriebantur,
629 1607 659 1673 S.
675 1607 718 1672 M.
734 1608 930 1675 Benedictus
942 1610 1031 1674 XIV.
1052 1609 1099 1692 (in
1115 1611 1222 1674 Cenat
1236 1605 1306 1676 Dei

70 1703 296 1788 Miscraiione)
331 1727 516 1790 processum
547 1707 778 1774 conficiendum
811 1727 882 1774 esse
919 1710 1087 1791 praecepit,
1122 1711 1182 1774 sub
1210 1727 1306 1790 prena

71 1807 212 1872 ominis
235 1809 377 1874 omnium
401 1815 565 1891 actarum,
593 1815 631 1875 ut
659 1808 903 1890 probationibus
934 1807 1146 1888 undequaque
1173 1827 1305 1873 accura-

71 1905 176 1972 tissime
198 1909 382 1992 cumulatis,
403 1909 437 1974 in
460 1909 566 1975 causis
585 1907 765 1993 hujusmodi
788 1909 930 1974 amnium
951 1908 1164 1990 gravissimis
1180 1909 1214 1974 in
1237 1907 1305 1988 qni·

70 2005 117 2070 bus
140 2007 245 2090 agitur
276 2009 315 2073 de
347 2009 546 2075 sacramenti
570 2008 743 2076 validitate
771 2009 824 2074 vel
849 2009 1016 2090 nullitate,
1050 2029 1089 2075 ac
1125 2009 1164 2074 de
1194 2007 1304 2072 dissol-

69 2107 155 2172 vendo
178 2107 309 2173 vmcralo
331 2109 571 2192 matrimoniali,
590 2109 715 2193 judices
738 2109 772 2173 in
792 2107 984 2190 proferendo
1004 2107 1126 2192 judicio
1149 2107 1213 2174 tuti
1232 2126 1305 2172 con·

69 2205 229 2284 quiescere
241 2213 383 2290 pomoni.
424 2209 470 2273 At
492 2209 569 2290 quia
591 2227 677 2291 saepe
704 2207 737 2272 in
766 2209 825 2272 hoc
843 2207 1026 2274 difficillimo
1051 2226 1203 2289 processu
1230 2211 1305 2272 acta

69 2305 157 2372 ninus
170 2313 258 2372 recte
285 2315 319 2373 et
341 2313 418 2390 apte
436 2309 477 2374 ad
492 2309 670 2374 veritatem
694 2308 870 2373 eruendam
892 2306 1154 2388 conficiebantur,
1176 2307 1208 2372 S.
1226 2307 1305 2372 Con·

67 2407 198 2488 megetia
219 2408 341 2488 saepius
363 2408 592 2475 instructiones
615 2408 725 2488 edidit,
748 2427 787 2473 ac
809 2427 956 2472 normam
979 2407 1187 2489 praescripsit,
1209 2427 1303 2486 quam

69 2505 201 2589 Episcopi
223 2512 447 2587 sequerentur.

139 2625 214 2692 lirum
233 2624 349 2705 itaque
371 2626 405 2690 in
427 2625 608 2710 huJ'usmodi
628 2626 734 2691 causis
757 2645 821 2691 non
838 2625 878 2690 de
896 2627 972 2710 jure
992 2624 1185 2690 alterutrius
1199 2624 1305 2706 partis

66 2730 194 2807 tautum,
216 2725 277 2792 sed
299 2726 461 2808 praecipue
483 2727 522 2792 de
544 2727 775 2792 sacramentali
799 2727 928 2792 vinculo
952 2725 1155 2791 dissolvendo
1177 2731 1305 2808 agatur,

67 2842 215 2903 processus
248 2833 323 2892 acta
347 2845 411 2892 uon
435 2826 604 2891 adinstar
626 2827 763 2894 aliorum
783 2827 992 2911 judiciorum,
1021 2827 1203 2908 prasertim
1226 2827 1304 2893 civi·

66 2920 139 3003 ium,
160 2924 214 2989 sed
233 2925 334 3010 Juxta
357 2943 467 2990 sacros
483 2925 639 3005 Oenones,
662 2925 797 2990 citatam
817 2927 848 2990 S.
863 2927 906 2991 M.
926 2925 1095 2991 Benedicti
1110 2925 1199 2990 XIV.
1224 2926 1304 2990 Con-

65 3022 263 3106 stitutionem,
287 3031 321 3090 et
342 3032 535 3108 praesentem
558 3025 804 3090 instructionem
827 3033 924 3092 erunt
944 3025 1151 3091 efformanda.

139 3149 186 3207 al.
220 3145 275 3209 Ea
299 3144 409 3224 itaque
432 3163 495 3208 non
518 3142 708 3222 vernaculo,
739 3141 796 3206 sed
819 3141 922 3206 latino
944 3149 1040 3207 errmt
1063 3141 1305 3221 conscribenda,

65 3245 197 3324 exceptis
207 3249 320 3310 tamen
338 3243 542 3326 excipiendis,
560 3243 713 3307 nimirum
729 3242 875 3308 articulis
888 3242 1158 3324 interrogatoriis,
1176 3261 1305 3324 respon-

66 3341 192 3409 sionibus
216 3343 262 3410 ad
285 3363 332 3425 ea,
356 3350 389 3408 et
411 3342 589 3426 peritorum
613 3342 840 3423 relationibus;
868 3341 1050 3424 praesertim
1074 3359 1151 3406 vero
1175 3341 1305 3408 decreta

66 3445 92 3504 et
107 3445 276 3526 sententia,
293 3464 363 3524 qnae
381 3447 479 3528 juxta
502 3444 625 3526 priscos
641 3460 746 3508 arares
767 3443 831 3508 erit
852 3441 1059 3520 conficienda,
1075 3443 1177 3507 latine
1195 3436 1306 3524 lingua

66 3545 283 3609 exarabuntur.

140 3671 188 3730 28.
222 3667 391 3731 Praeterea
414 3685 486 3732 cum
509 3687 529 3731 a
552 3666 650 3731 Sacro
674 3664 815 3731 Concilio
839 3665 926 3729 'i'rid
960 3663 1062 3749 (Sess.
1077 3667 1135 3734 24.
1155 3663 1306 3754 Cannio.

66 3759 100 3829 do
115 3762 174 3850 res.
190 3765 211 3853 ξ
226 3766 291 3836 Aa
305 3765 393 3854 bac)
414 3786 453 3832 ac
474 3766 574 3832 etiam
590 3786 610 3830 a
625 3764 656 3832 S.
673 3765 768 3830 Mem.
783 3765 959 3831 Benedicta
971 3765 1061 3830 XIV.
1077 3765 1132 3850 (in
1151 3765 1204 3834 cit.
1222 3763 1307 3832 Can-

65 3861 119 3930 nir.
142 3863 220 3936 ‘Dei
238 3867 486 3952 miseratione)
509 3886 681 3932 causarum
704 3864 988 3930 matrimonialium
1014 3865 1154 3948 cognitio
1177 3865 1306 3944 quibus-

65 3961 106 4026 vis
123 3965 284 4048 judicibus
307 3965 529 4046 inferioribus,
553 3985 617 4031 non
640 3968 792 4031 obstante
815 3965 928 4044 quouis
961 3965 1133 4048 privilegio
1161 3985 1200 4030 aa
1224 3985 1305 4047 prae-

64 4065 235 4148 scriptione,
246 4065 357 4150 xfuerit
369 4067 500 4132 sublata
524 4087 562 4132 ac
578 4067 811 4149 Episcopornm
833 4069 964 4132 tantum
987 4065 1129 4131 examini
1153 4085 1191 4130 ac
1207 4066 1305 4150 jmts-

65 4159 184 4232 dictioni
206 4173 395 4248 reservata,
420 4168 520 4234 etiam
542 4189 609 4250 prae
632 4167 817 4233 Abbatibns
838 4186 916 4233 vere
937 4165 1071 4248 nulline,
1095 4165 1173 4230 licet
1195 4165 1306 4232 Cardi-

63 4263 168 4330 nalitia
195 4266 357 4350 dignitate
379 4267 596 4350 irrigantibus,
619 4271 717 4352 Juxta
739 4265 769 4331 S.
793 4265 1061 4348 Congregationis
1085 4265 1306 4346 resolutiones

64 4359 128 4426 hinc
155 4366 268 4444 tutius,
287 4366 351 4430 erit
378 4371 416 4431 ut
443 4368 560 4433 nedum
588 4364 752 4432 sententia
779 4365 979 4447 proseratur,
1012 4365 1069 4431 sed
1098 4365 1197 4430 etiam
1232 4369 1306 4431 acta
